2158 3436
321 177 409 234 THE
438 177 621 236 LETTERS
650 177 704 234 OF
733 173 860 233 PLINY

576 385 603 438 V

361 541 391 598 C.
417 542 538 598 Patruus
560 541 684 596 Gnnmo
707 539 768 596 Suo
791 539 819 598 S.

181 699 288 755 Gnnvn
317 699 425 756 vulnus
454 698 607 754 Macrinus
636 705 739 755 noster
764 701 889 775 accepit.
933 697 1066 754 Amisit

139 825 264 862 uxorem
299 803 458 880 singularis
493 803 635 880 exempli,
671 808 789 861 etiamsi
820 803 892 860 olim
928 803 1066 874 fuisset„

140 913 224 968 Vixit
239 931 307 968 cum
322 911 378 967 hac
392 915 520 986 triginta
534 931 643 968 novem
657 915 744 967 annis
763 915 829 968 sine
850 914 958 986 iurgio,
982 915 1051 968 sinc

140 1019 261 1075 offensa.
306 1016 405 1088 Quam
419 1017 471 1073 illa
485 1022 687 1075 reverentiam
698 1021 806 1074 marito
818 1037 871 1074 suo
882 1022 1050 1094 praestitit,

140 1145 209 1181 curn
244 1129 308 1200 ipsa
343 1144 490 1181 summam
525 1119 710 1182 mereretur!
746 1132 821 1201 quot
855 1132 1050 1202 quantasque

140 1236 267 1288 virtutes
299 1251 335 1289 ex
365 1231 489 1288 diversis
517 1232 669 1288 aetatibus
697 1239 832 1307 sumptas
860 1230 986 1306 collegit
1017 1240 1050 1289 et

140 1339 277 1396 miscuit!

182 1447 287 1503 Habet
315 1445 439 1522 quidem
463 1445 616 1503 Macrinus
644 1444 760 1522 grande
786 1445 939 1514 solacium,
963 1447 1049 1522 quud

139 1561 261 1610 tantum
297 1555 410 1610 bonum
439 1561 502 1609 tarn
529 1553 582 1610 diu
613 1556 734 1620 tenuit;
769 1551 822 1609 sed
857 1551 915 1608 hoc
949 1557 1049 1628 magis

140 1662 345 1731 exacerbatur,
369 1659 450 1738 quod
472 1665 580 1718 amisit.
625 1661 703 1716 Nam
726 1659 861 1716 fruendis
886 1659 1049 1736 voluptati-

42 1839 44 1843 γ
139 1771 195 1827 bus
217 1773 324 1827 crescit
346 1768 468 1826 carendi
490 1769 583 1826 dolor.
628 1769 687 1825 Ero
710 1789 783 1844 ergo
808 1787 969 1844 suspensus
990 1788 1047 1844 pro

140 1876 263 1933 homine
291 1880 479 1946 amicissimo,
504 1875 577 1933 dum
601 1876 764 1933 admittere
789 1883 985 1932 avocamenta
1014 1885 1047 1933 et

141 1987 312 2040 cicatricem
328 1987 392 2060 pati
406 1986 509 2059 possit,
525 2003 615 2059 quam
630 1982 705 2038 nihil
720 2002 817 2059 aeque
832 2002 866 2038 ac
881 1985 1046 2039 necessitas

141 2094 205 2165 ipsa
240 2098 272 2147 et
307 2090 372 2146 dies
407 2089 498 2166 longa
533 2098 566 2147 et
605 2093 728 2146 satietas
768 2088 878 2145 doloris
917 2087 1044 2146 inducit.

143 2196 226 2255 Vale.

574 2354 615 2410 Vl

344 2499 375 2556 C.
401 2498 522 2555 Ptnuus
544 2498 699 2555 Montano
721 2498 782 2555 Suo
805 2498 833 2557 S.

182 2645 364 2701 Counovrssn
385 2647 444 2699 iam
466 2663 502 2699 ex
527 2642 656 2718 epistula
679 2663 747 2699 mea
769 2643 864 2700 debes
885 2643 1044 2703 adnotasse

141 2774 191 2811 me
220 2771 317 2829 nuper
339 2759 571 2808 monumentum
598 2749 742 2808 Pallantis
764 2752 820 2808 sub
844 2750 901 2807 hac
925 2755 1045 2830 inscrip-

141 2863 244 2916 tione:
273 2859 376 2915 ‘Huic
405 2864 528 2914 senatus
555 2858 595 2914 ob
617 2857 707 2914 fidem
737 2861 944 2935 pietatemque
971 2877 1043 2936 erga

142 2973 284 3041 patronos
299 2972 477 3022 ornamenta
491 2967 640 3040 praetoria
661 2965 797 3023 decrevit
818 2973 851 3023 et
873 2970 1041 3025 sestertium

147 3137 201 3174 102
