2114 3440
317 194 406 252 THE
434 193 616 252 LETTERS
646 195 700 253 OF
729 195 855 253 PLINY

134 353 264 432 adfinis),
273 354 386 411 deinde
396 359 487 412 etiam
503 374 540 410 cx
555 360 736 412 auctoritate
751 355 938 431 pontificum.
965 356 1053 432 Nam!

134 482 276 554 virginea
291 499 359 537 cum
383 483 411 534 vi
434 480 530 534 morbi
553 482 629 536 atrio
652 479 763 538 Vestae
778 487 931 556 coguntur
953 501 1044 537 exce-

134 602 219 674 dere,
240 611 445 661 matronarum
480 623 569 660 curae
597 603 813 684 custodiaeque
846 551 1047 680 mandanturl

135 727 204 798 Quo
223 747 349 800 munere
369 727 483 783 Fannia
505 727 578 784 dum
603 727 709 784 sedulo
733 727 881 804 fungitur,
902 728 962 785 hoc
983 708 1042 786 dis

134 853 259 907 crimine
281 849 427 925 implicita
446 857 501 907 est.
546 851 686 908 Insident
699 850 810 923 febreS,
823 856 914 910 tussis
928 856 1033 926 increj'

135 978 187 1044 cit,
202 993 319 1031 summa
333 979 455 1046 macies,
472 994 588 1032 summa
606 974 760 1033 defectio:
780 980 899 1033 animus
918 972 1008 1087 tanti
1045 973 1047 982 '

135 1106 168 1156 et
194 1101 316 1174 spiritus
344 1102 429 1174 viget
458 1098 603 1157 Helvidio
633 1103 752 1172 marito,
784 1097 918 1157 Tmasea
952 1117 1018 1176 pacj
1054 1179 1055 1182 Ἴ

134 1221 339 1299 dignissimus,
377 1222 492 1300 reliqua
526 1223 671 1282 labuntur
704 1243 815 1302 meque
849 1244 911 1281 non
954 1209 1037 1325 mei?¹

133 1353 264 1417 tantum,
279 1365 383 1404 verum
399 1351 491 1406 etiam
506 1348 609 1406 dolore
624 1348 796 1405 conficiunt.
841 1347 940 1406 Doleo
955 1319 1041 1412 enini

133 1476 294 1528 maximam
317 1471 462 1530 feminam
487 1477 562 1550 eripi
595 1472 688 1530 oculis
713 1476 843 1530 civitatis
871 1476 974 1529 nescio
1000 1493 1039 1528 an

133 1596 248 1673 aliquid
262 1597 359 1656 simile
373 1602 487 1655 visuris

175 1721 262 1792 Quae
276 1725 397 1779 castitas
421 1722 485 1791 illi,'
500 1739 577 1798 quae
597 1725 751 1792 sanctitas
765 1728 879 1798 quanta
899 1721 1046 1797 gravitas,'

135 1852 248 1921 quanta
262 1845 451 1903 constantia!
494 1823 699 1906 Btsrnoitun
722 1853 826 1902 secuta
848 1848 879 1900 in
901 1844 1037 1901 exsilium

135 1977 191 2039 est,
206 1973 298 2027 tertio
312 1973 376 2044 ipsa
390 1951 516 2045 propte'r
528 1939 671 2025 mafitum
685 1969 827 2044 relegata.
872 1968 959 2039 Nam,
970 1988 1036 2026 cum

135 2092 264 2151 Senecio
278 2111 346 2172 reus
361 2098 451 2162 esset,
466 2063 547 2169 quod
562 2091 601 2150 de
625 2096 688 2151 vita
703 2091 829 2149 Helvidi
850 2091 942 2149 libros
956 2111 1035 2148 com-

134 2221 294 2294 posuisset,
317 2224 516 2293 rogatumque
545 2235 578 2275 se
605 2237 623 2272 a
652 2217 766 2274 Fannia
793 2220 824 2273 in
859 2214 1036 2274 defensione

134 2339 270 2409 dixisset,
282 2346 448 2416 quaerente
459 2343 619 2398 minaciter
630 2339 741 2398 Mettio
750 2338 835 2410 Caro,
844 2360 883 2396 an
892 2347 1034 2416 rogasset,

134 2463 300 2540 respondit,
315 2462 448 2540 ‘Rogavi
460 2463 486 2532 '3
507 2484 545 2520 an
567 2468 799 2522 commentarios
819 2468 966 2542 scripturo
982 2464 1034 2523 de·

134 2585 251 2644 disset:
286 2585 424 2654 ‘Dedi';
455 2607 494 2644 an
523 2591 640 2645 sciente
667 2595 784 2646 matre:
814 2588 1032 2656 ‘Nesciente’;

134 2717 287 2786 postremo
310 2709 425 2768 nullam
450 2731 555 2769 vocem
580 2711 742 2769 cedentem
767 2711 901 2788 periculo
925 2715 1031 2769 emisit.

135 2833 217 2904 Quin
238 2838 331 2892 etiam
347 2834 414 2892 iilos
433 2839 513 2911 ipsos
534 2833 636 2908 libros,
650 2856 831 2914 quamquam
853 2855 890 2894 ex
908 2842 1033 2894 necessi-

176 3051 190 3074 ‘⁴
205 3043 262 3096 'Phe
274 3046 355 3096 house
366 3044 503 3109 adjoining
515 3044 563 3094 her
573 3045 681 3110 temple,
696 3046 783 3097 where
795 3047 861 3112 thoy
873 3046 982 3098 residod.

134 3137 172 3207 48
