2150 3444
300 244 388 304 THE
420 243 602 307 LETTERS
632 244 685 307 OF
717 241 843 302 PLINY

117 409 289 482 praecessit,
304 407 491 464 mittendum
506 411 619 482 putavi,
634 413 670 464 ut
684 407 778 482 possis
798 423 835 460 ex
856 401 1029 480 Lycormae

117 509 201 558 etex
216 506 296 578 regis
310 503 447 578 epistulis
462 507 576 580 pariter
590 521 782 579 cognoscere,
797 520 875 577 quae
895 499 1029 558 fortasse

117 599 230 670 pariter
248 600 323 653 scire
338 597 440 654 debes.

516 820 618 877 LXIV

292 974 323 1031 C.
348 975 468 1032 Pullius
489 975 628 1033 Tanauo
651 974 839 1032 Iuranauoru

160 1126 222 1182 Rau
238 1126 430 1185 Sauromates
445 1133 564 1205 scripsit
585 1128 661 1184 mihi
682 1147 748 1184 esse
770 1125 932 1205 quaedam,
949 1148 1029 1206 qnae

117 1220 244 1279 deberes
273 1242 363 1299 quam
391 1227 593 1280 maturissime
629 1226 713 1279 scire.
757 1219 825 1292 Qua
861 1241 899 1278 ex
938 1242 1029 1280 causa

116 1312 344 1373 festinationem
366 1316 524 1386 tabellarii,
548 1335 639 1393 quem
664 1314 703 1372 ad
724 1322 758 1372 te
787 1334 856 1372 cum
885 1316 1028 1391 epistulis

116 1413 215 1480 misit,
223 1410 389 1485 diplomate
403 1411 511 1468 adiuvi.

529 1657 612 1714 LXV

244 1785 256 1808 ⁶
297 1801 328 1858 C.
353 1800 473 1858 Pindus
494 1800 633 1858 Taarauo
656 1801 843 1859 lnrsaaroni

158 1945 283 2016 Manus,
298 1944 430 2016 domine,
445 1953 478 2002 et
492 1946 530 2002 ad
548 1953 644 2003 totam
661 1950 844 2021 provinciam
864 1951 1026 2023 pertinens

116 2040 253 2114 quaestio
268 2043 315 2092 est
334 2034 373 2092 de
392 2025 570 2093 condicidne
592 2044 625 2093 et
645 2035 797 2094 alimentis
818 2056 934 2108 eorum,
950 2058 1026 2115 quos

117 2134 226 2184 vocant
247 2127 390 2204 θρεπτούς.
434 2125 471 2181 In
492 2145 552 2202 qua
573 2146 640 2202 ego,
660 2125 772 2184 auditis
796 2131 1025 2186 constitutioni-

116 2217 172 2274 bus
196 2220 366 2292 principum
389 2220 459 2293 quia
481 2213 558 2272 nihil
578 2217 770 2272 inveniebam
792 2224 846 2274 aut
869 2221 1025 2294 proprium

116 2313 170 2363 aut
192 2305 371 2376 universale,
385 2304 467 2382 quod
487 2303 527 2360 ad
544 2305 692 2381 Bithynos
706 2304 848 2375 ferretur,
862 2306 1025 2364 consulen-

117 2395 190 2452 dum
204 2403 236 2452 te
252 2398 431 2464 existimavi,
445 2395 518 2471 quid
533 2395 683 2452 observari
703 2394 806 2466 velles,
821 2416 922 2474 neque
941 2401 1024 2454 enirn

116 2489 230 2561 putavi,
258 2504 345 2560 posse
372 2504 422 2542 me
452 2489 484 2540 in
512 2504 558 2554 eo,
586 2484 668 2561 quod
695 2490 909 2544 auctoritatem
938 2494 1023 2543 tuam

117 2582 265 2650 posceret,
280 2574 420 2649 exemplo
434 2593 500 2632 esse
514 2582 703 2631 contentum.

161 2665 355 2721 Recitabatur
375 2672 479 2722 autem
499 2664 581 2738 apud
600 2684 650 2721 me
672 2663 816 2736 edictum,
838 2664 919 2742 quod
941 2664 1022 2722 dice-

117 2754 207 2810 batur
227 2753 288 2810 divi
311 2753 452 2828 Augusti,
469 2753 508 2809 ad
533 2754 656 2810 Asiaml
678 2759 855 2829 pertinens;
876 2759 1022 2812 recitatae

204 2857 212 2886 ¹
231 2857 321 2905 Asiam
334 2857 434 2916 Horti„
449 2858 564 2906 Anniam
577 2859 655 2919 mala,
670 2859 797 2907 Achaiam
811 2861 918 2909 Momm.

150 2967 162 2989 ⁰
180 2959 219 3008 aa.
247 2959 366 3008 whether
392 2959 455 3021 they
482 2975 550 3008 were
580 2961 677 3025 legally
702 2961 797 3021 slaves,
826 2961 888 3022 and,
920 2962 943 3012 il
964 2973 1018 3018 not.

120 3022 239 3071 whether
251 3024 326 3072 those
338 3023 397 3071 who
409 3024 461 3072 had
479 3024 570 3073 reared
588 3025 661 3074 thern
678 3025 755 3074 could
773 3025 851 3075 claim
868 3032 899 3076 to
915 3043 1021 3078 rocover

120 3086 166 3134 the
178 3090 235 3136 ooat
247 3087 275 3135 of
286 3087 357 3135 their
368 3087 535 3152 upbringing.

122 3179 180 3249 362
