2160 3438
328 225 417 283 THE
446 225 629 283 LETTERS
658 224 713 282 OF
740 223 866 282 PLlNY

144 394 195 443 tur
209 393 244 442 ut
259 385 398 441 basilicae
410 387 497 454 circa,
507 390 542 441 ut
550 388 684 461 porticus
698 407 789 462 supra
802 405 936 443 caveam.
973 384 1059 456 Quae

146 504 227 541 nunc
262 487 363 540 omnia
397 482 587 554 differuntur,
623 492 761 543 cessante
796 504 834 541 eo
867 484 958 560 quod
989 491 1060 540 ante

147 582 355 660 peragendum
370 589 426 640 est.
716 655 718 662 J
921 593 924 596 ·

188 682 285 740 Iidem
314 681 498 738 Nicaeenses
525 686 717 759 gymnasium
746 682 889 740 incendio
910 686 1062 739 amissum

145 786 218 835 ante
241 776 407 835 adventum
435 796 538 833 meum
573 781 735 834 restituere
764 784 936 854 coeperunt
968 775 1060 851 longe

145 879 334 933 numerosius
348 874 514 952 laxiusque,
524 895 615 952 quam
626 874 736 946 fuerat,
751 882 783 933 et
792 879 852 932 iam
862 874 1065 952 aliquantum

146 981 357 1050 erogaverunt,
393 973 562 1048 periculum
607 981 665 1044 est,
700 993 740 1031 ne
775 993 881 1050 parum
917 971 1065 1039 utiliter}

145 1076 379 1148 incompositum
414 1076 496 1129 enim
538 1079 571 1129 et
605 1092 741 1148 sparsum
777 1080 832 1130 est.
891 1072 1059 1130 Praeterea

145 1171 330 1228 architectus
345 1190 417 1227 sane
431 1170 569 1228 aemulus
586 1175 660 1241 eius
674 1191 692 1228 a
707 1191 767 1249 quo
783 1191 859 1247 opus
876 1169 1060 1228 inchoatum

145 1278 201 1340 est,
229 1268 368 1326 adfirmat
401 1273 533 1344 parietes
566 1289 748 1347 quamquam
781 1273 891 1346 viginti
917 1278 956 1328 et
984 1270 1061 1327 duos

147 1368 241 1444 pedes
254 1367 332 1424 latos
346 1371 487 1443 imposita
500 1387 593 1425 onera
607 1372 758 1426 sustinere
779 1388 841 1424 non
862 1388 966 1444 posse,
989 1374 1058 1446 quia

146 1472 207 1524 sint
242 1474 402 1523 caemento
436 1466 530 1523 medii
571 1465 642 1523 farti
683 1487 740 1524 nec
782 1474 918 1525 testaceo
965 1487 1057 1543 opere

147 1569 319 1642 praecincti.

187 1662 441 1738 Claudiopolitani
454 1682 574 1740 quoque
589 1667 621 1720 in
630 1663 774 1739 depresso
787 1662 863 1734 loco,
872 1667 1058 1722 imminente

147 1766 240 1819 etiam
253 1767 359 1818 monte
372 1765 481 1838 ingens
495 1761 649 1819 balineum
663 1761 826 1820 defodiunt
845 1767 945 1839 magis
966 1784 1056 1841 quam

147 1859 317 1928 aedificant,
333 1867 366 1917 et
379 1859 503 1937 quidem
519 1879 556 1917 ex
579 1879 615 1917 ea
638 1864 779 1936 pecunia,
793 1881 883 1938 quam
908 1861 1055 1921 buleutae

147 1958 243 2015 additi
257 1957 405 2015 beneficio
418 1965 472 2015 tuo
486 1967 540 2016 aut
553 1963 612 2016 iam
635 1959 813 2018 obtulerunt
834 1961 873 2017 ob
895 1964 1055 2020 introitum

147 2060 200 2110 aut
214 2053 300 2109 nobis
315 2053 508 2128 exigentibus
522 2053 690 2110 conferent.
734 2053 824 2130 Ergo,
835 2073 905 2111 curn
918 2059 1056 2126 timeam,

147 2168 186 2204 ne
201 2147 262 2203 illic
283 2147 404 2223 publica
425 2152 562 2223 pecunia,
576 2146 635 2218 hic,
650 2148 732 2224 quod
754 2156 801 2205 est
821 2153 904 2205 omni
925 2156 1055 2225 pecunia

147 2245 317 2317 pretiosius,
351 2260 462 2298 munus
503 2249 590 2298 tuum
632 2242 711 2299 male
753 2241 927 2313 collocetur,
965 2265 1055 2323 cogor

148 2342 254 2412 petere
279 2355 296 2390 a
317 2342 359 2404 te,
380 2354 441 2390 non
464 2335 560 2391 solum
583 2337 622 2393 ob
644 2334 808 2406 theatrum,
831 2355 937 2392 verum
963 2344 1054 2396 etiam

147 2430 186 2486 ob
221 2428 297 2485 haec
325 2428 444 2485 balinea
470 2433 574 2486 mittas
601 2429 801 2488 architectum
835 2429 1055 2506 dispecturum,

147 2530 250 2580 utrum
265 2526 305 2580 sit
319 2522 422 2581 utilius
430 2531 500 2598 post
514 2531 678 2600 sumptum,
687 2528 739 2602 qui
753 2523 851 2582 factus
865 2532 922 2595 est,
934 2547 1055 2607 quoquo

944 2641 1046 2651 οξ...-

181 2699 194 2720 ‘⁶
213 2692 229 2716 “
239 2689 294 2738 The
304 2688 377 2738 word
388 2688 473 2738 Cavea
484 2690 511 2737 in
523 2689 570 2738 the
582 2689 694 2754 original
706 2689 895 2754 comprehende
904 2707 976 2742 more
990 2696 1054 2746 thau

150 2754 223 2804 what
234 2771 273 2804 we
285 2755 336 2802 call
347 2754 394 2802 the
406 2754 452 2802 Pit
469 2755 496 2802 in
515 2771 563 2803 our
579 2755 706 2814 theatres,
721 2771 750 2804 as
767 2757 790 2805 it
807 2771 896 2804 means
910 2757 957 2807 the
969 2761 1054 2812 whole

150 2835 226 2930 space
238 2820 265 2866 in
277 2818 363 2868 which
377 2818 422 2867 the
434 2824 581 2882 spectatore
593 2821 661 2869 sat.'’
681 2820 796 2883 (Melm.)
820 2821 902 2870 “The
913 2839 993 2874 cauea
1003 2844 1053 2877 was

150 2888 162 2932 t

151 2947 178 2996 oi
201 2952 271 2996 eeats
294 2948 387 3008 (erenei)
412 2949 495 3012 rising
517 2955 566 2998 out
587 2949 686 3000 behind
711 2967 761 3001 one
783 2952 895 3002 another
916 2953 987 3006 lmm
1011 2960 1052 3008 the

151 3011 286 3061 orchestra
304 3018 332 3062 at
350 3012 395 3061 the
412 3012 515 3063 bottom
527 3019 557 3063 to
568 3015 614 3064 the
631 3017 752 3066 external
769 3016 830 3066 wall
841 3016 869 3066 oi
885 3018 934 3068 the
950 3021 1052 3075 theatre

151 3080 180 3124 at
197 3077 243 3125 the
260 3081 314 3140 top.
331 3113 336 3125 .
352 3113 357 3126 .
373 3078 411 3126 At
427 3078 474 3126 the
491 3083 539 3142 top
557 3079 631 3130 there
649 3097 703 3130 was
720 3081 794 3132 often
810 3099 826 3132 a
842 3082 940 3134 double
957 3103 1014 3140 row
1030 3091 1052 3140 of

153 3171 210 3241 326

182 2899 196 2932 e
208 2884 319 2932 interior
327 2884 355 2932 ol
366 2884 412 2933 the
424 2885 614 2933 semi-circulor
624 2890 686 2949 part
698 2886 726 2934 oi
741 2887 788 2936 the
799 2886 914 2947 theatro,
928 2889 974 2938 the
987 2909 1054 2943 rows
