2114 3440
297 185 386 245 THE
414 184 597 245 LETTERS
626 182 679 244 OF
710 183 852 242 PLINY'

77 395 81 402 .
115 343 253 401 adicere’
303 343 381 401 Tum
396 365 463 421 ego,
473 366 547 401 cnm
567 366 672 412 omnes
692 365 742 401 me
763 353 798 401 ut
821 342 873 400 diu
897 359 1045 418 respon-

115 471 217 508 surum
231 456 435 523 intuerentur,
446 459 455 486 ‘
463 452 713 528 Respondissen1,'
730 457 862 528 inquam,
872 454 911 506 ‘si
928 469 1041 506 unum

116 557 191 616 illud
207 559 346 616 versum1
362 559 522 616 Africanus
537 560 706 629 adiecisset,
716 563 747 615 in
762 579 822 635 quo
836 577 899 615 non
914 557 1041 614 dubito

116 669 217 722 omnia
244 685 321 723 nova
342 665 453 722 fuisse!
499 666 567 722 Non
590 665 679 722 facile
700 685 749 722 me
772 671 880 740 repeto
900 671 1036 721 tantum

116 779 313 829 consecutum
336 772 497 830 adsensum
529 772 649 848 agendo
682 780 830 849 quantum
857 779 934 828 tunc
964 791 1035 827 non

116 878 244 954 agendo.

158 985 304 1043 Similiter
317 1005 398 1042 nunc
413 993 445 1044 et
459 987 619 1062 probatum
635 995 667 1044 et
689 994 852 1063 exceptum
867 993 925 1056 est,
941 987 1028 1062 quod

117 1111 172 1167 pro
181 1092 300 1149 Vareno
313 1091 461 1149 hactenus
470 1101 617 1152 <tantum
626 1092 665 1153 >2
674 1112 736 1150 non
747 1097 835 1159 tacui.
867 1091 1030 1161 Consules

118 1204 153 1253 ut
189 1197 356 1275 Polyaenus
391 1197 574 1275 postulabat,
602 1203 702 1254 omnia
737 1202 856 1274 integra
890 1201 1026 1274 principi

118 1312 330 1372 servaverunt3
352 1309 436 1362 cuius
457 1309 661 1381 cognitionem
684 1324 846 1381 suspensus
868 1311 1023 1380 exspecto.

119 1410 197 1467 Nam
218 1411 283 1467 dies
304 1410 356 1468 ille
378 1412 464 1468 nobis
487 1432 541 1487 pro
564 1412 683 1468 Vareno
704 1420 758 1468 aut
779 1415 976 1468 securitatem
993 1419 1026 1467 et

118 1520 213 1574 otium
228 1517 314 1573 dabit
327 1525 381 1573 aut
395 1521 600 1575 intermissum
615 1519 749 1574 laborem
759 1525 903 1574 renovata
915 1517 1024 1574 sollici-

119 1623 226 1679 tudine
240 1627 388 1699 iniunget.
433 1624 515 1681 Vale.

544 1829 603 1885 Vll

309 1959 340 2016 C.
369 1959 490 2017 Primus
515 1961 692 2018 Sarununro
719 1960 781 2018 Suo
804 1961 833 2019 S.

161 2086 207 2147 Er
243 2095 378 2167 proxime
409 2091 508 2148 Prisco
535 2099 639 2149 nostro
667 2099 700 2150 et
727 2111 838 2164 rursus,
867 2095 936 2168 quia
977 2097 1018 2150 ita

120 2192 241 2260 iussisti,
256 2194 367 2266 gratias
390 2195 449 2268 egi,
464 2190 663 2248 libentissime
687 2191 819 2268 quidem.
864 2190 918 2247 Est
940 2196 1020 2248 enim

120 2287 194 2344 milri
222 2289 452 2364 periucundum,
476 2289 557 2366 quod
582 2293 637 2346 viri
659 2293 767 2366 optimi
795 2288 929 2366 mihique
950 2295 1020 2346 ami-

120 2390 230 2443 cissimi
264 2387 341 2444 adeo
368 2387 552 2458 cohaesistis„
587 2396 622 2445 ut
657 2391 786 2444 invicem
814 2407 866 2450 vos
900 2387 1020 2463 obligari

120 2486 243 2559 putetis.
280 2484 358 2538 Nam
374 2483 425 2539 ille
437 2503 556 2560 quoque
571 2487 763 2561 praecipuam
784 2504 816 2540 se
838 2483 1019 2561 voluptatem

121 2601 157 2637 ex
186 2583 318 2636 amicitia
345 2587 398 2637 tua
421 2601 529 2656 capere
550 2581 711 2657 profitetur
738 2588 895 2657 certatque
922 2589 1019 2638 tecum

120 2677 331 2735 honestissimo
345 2683 509 2735 certamine
524 2687 648 2737 mutuae
662 2684 804 2749 caritatis
818 2699 907 2755 quam
927 2684 1019 2755 ipsum

120 2785 241 2852 tempus
254 2776 387 2852 augebit.

156 2893 164 2923 ¹
183 2909 287 2942 versum
299 2894 381 2957 Dpa‚
395 2895 503 2954 Mulier,
516 2893 626 2943 verbum
639 2893 697 2954 Mr,
711 2893 818 2956 Bipom,
833 2893 867 2943 K.

153 2957 285 3010 ²tantum
308 2976 360 3009 non
382 2960 481 3023 Stangl,
503 2960 631 3009 hactenus
654 2961 726 3010 tacui
744 2960 896 3020 Siclordua,
919 2960 942 3009 h.
967 2977 1014 3009 non

122 3026 193 3074 tacui
211 3027 282 3076 codd.
298 3034 320 3076 et
332 3027 390 3077 edd.
408 3031 477 3089 (cum
488 3041 561 3075 canae
573 3026 689 3086 Mulier).

126 3119 160 3176 18
