2158 3436
240 169 246 180 “
281 161 370 220 THE
398 162 582 221 LETTERS
611 163 665 221 OF
695 164 821 221 PLINY

98 322 201 376 statim
216 323 247 375 in
261 318 319 375 alia
333 319 501 390 discedant,
516 320 627 378 frustra
646 329 751 398 postea
766 322 952 380 dissentient
966 313 1016 380 ab

99 446 145 495 eo,
160 429 209 482 cui
222 425 312 501 paulo
325 434 398 484 ante
413 432 629 487 consenserint.

140 532 201 590 Sed
215 533 288 609 quid
311 553 368 609 ego
390 533 494 590 similis
516 534 661 591 docenti?
683 555 752 591 cum
771 535 888 592 discere
902 534 1015 605 velim,

99 658 139 696 an
167 644 335 696 sententias
364 639 458 697 dividi
481 660 520 696 an
544 644 580 696 iri
602 645 633 697 in
657 641 790 718 singulas
812 643 1014 716 oportuerit?

100 747 229 805 Obtinui
257 747 390 823 quidem,
417 747 498 823 quod
530 747 738 823 postulabam3
774 747 869 804 nihilo
903 751 1015 804 minus

99 863 204 912 tamen
232 872 352 930 quaem,
381 873 420 909 an
448 853 601 929 postulare
629 853 796 911 debuerim.
840 852 941 924 Quem
966 855 1016 911 ad

99 962 223 1019 modum
251 960 390 1018 obtinui?
433 960 472 1030 ls,
497 965 549 1037 qui
577 960 718 1018 ultimum
746 960 928 1036 supplicium
957 981 1014 1018 su·

100 1069 245 1127 mendum
257 1088 322 1126 esse
337 1069 490 1138 censebat,
500 1071 601 1125 nescio
615 1089 655 1124 an
665 1071 740 1139 iure,
750 1076 834 1126 certe
849 1070 1015 1144 aequitate

100 1177 310 1254 postulationis
321 1196 407 1234 meae
416 1181 512 1234 victus
524 1180 632 1234 omissa
643 1180 797 1233 sententia
811 1195 864 1232 sua
877 1181 1016 1234 accessit

100 1285 250 1361 relegenti
278 1288 391 1341 veritus
418 1283 543 1354 scilicet,
572 1304 623 1355 ne,
650 1289 675 1341 si
702 1284 912 1341 dividerentur
941 1304 1016 1341 sen-

100 1396 226 1462 tentiae,
261 1390 343 1468 quod
377 1391 487 1468 alioqui
529 1390 594 1448 fore
629 1391 798 1462 videbatur,
840 1410 885 1461 ea,
926 1411 1015 1468 quae

100 1498 298 1557 absolvendos
340 1519 405 1556 esse
446 1499 600 1568 censebat,
638 1518 765 1556 numero
807 1499 1012 1575 praevaleret.

101 1607 225 1664 Etenim
252 1606 343 1681 longe
371 1606 472 1682 plures
500 1610 532 1662 in
556 1605 613 1662 hac
635 1626 695 1664 una
719 1627 810 1684 quarn
834 1610 866 1663 in
888 1605 1015 1664 duabus

101 1713 226 1789 singulis
246 1722 340 1770 erant.
384 1713 462 1770 Tum
476 1712 520 1769 illi
534 1733 664 1790 quoque,
679 1717 730 1790 qui
744 1717 925 1770 auctoritate
942 1718 1014 1771 eius

101 1821 309 1891 trahebantur,
344 1827 522 1877 transeunte
552 1819 605 1876 illo
640 1820 782 1877 destituti
817 1819 1015 1897 reliquerunt

101 1933 286 1986 sententiam
305 1929 343 1984 ab
365 1932 430 2003 ipso
451 1935 574 1984 auctore
595 1927 747 1984 desertam
762 1931 919 2004 secutique
934 1936 1014 1985 sunt

102 2040 186 2113 quasi
199 2034 397 2111 transfugam,
412 2054 503 2111 quem
517 2033 627 2090 ducem
642 2035 854 2110 sequebantur.
898 2032 949 2090 Sic
970 2054 1013 2090 ex

57 2178 62 2187 -
101 2143 197 2200 tribus
219 2146 379 2199 sententiis
404 2140 482 2198 duae
510 2139 618 2210 factae,
643 2143 804 2216 tenuitque
828 2159 865 2196 ex
889 2139 1013 2198 duabus

101 2249 198 2307 altera
211 2254 303 2307 tertia
318 2248 452 2325 expulsa,
467 2268 544 2325 quae
567 2267 636 2303 eum
658 2248 761 2304 ambas
784 2265 924 2322 superare
944 2267 1014 2304 non

102 2364 213 2433 posset,
229 2355 334 2431 elegit,
349 2356 387 2411 ab
401 2362 470 2412 utra
484 2358 663 2411 vinceretur.
708 2351 790 2408 Vale.

525 2573 582 2630 XV

326 2731 357 2788 C.
382 2732 504 2788 Pennus
527 2730 649 2788 Iumom
672 2730 734 2788 Suo
755 2729 785 2786 S.

145 2885 284 2942 Ousnnvr
312 2894 345 2943 te
373 2894 421 2943 tot
448 2889 561 2962 pariter
589 2890 685 2944 missis
713 2885 930 2958 voluminibuS,'
954 2889 1008 2945 sed

105 2995 235 3062 oneravi,
244 2996 375 3068 primum
389 2996 459 3071 quia
473 3011 627 3067 exegeras
642 2991 754 3052 deinde
766 2997 837 3074 quia
847 2997 1008 3070 scripseras

109 3101 164 3176 138
