2162 3438
321 173 410 230 THE
438 171 623 230 LETTERS
652 171 705 230 OF
735 171 861 228 PLINY

179 333 245 390 Nec
280 332 368 390 facile
400 352 582 410 quemquam
614 335 671 389 nisi
701 333 879 408 Verginium
911 333 1047 396 invenio,
1071 307 1072 368 l

137 435 222 488 cuius
260 439 348 488 tanta
385 435 418 488 in
459 431 663 508 praedicando
705 428 887 487 verecundia
930 436 1049 505 quanta

49 535 58 547 ”
137 529 232 606 gloria
253 551 291 588 ex
312 531 401 590 facto.
446 532 515 608 lpse
538 551 603 587 sum
625 534 722 600 testiS,
737 527 927 585 familiariter
946 529 990 584 ab
1013 546 1050 584 eo

136 629 266 687 dilectus
294 631 509 706 probatusque,
538 629 633 686 semel
661 631 785 685 omniuo
812 647 862 684 me
896 625 1049 684 audiente

135 735 322 804 provectum,
337 735 373 784 ut
393 727 433 786 de
454 727 544 784 rebus
566 730 626 784 suis
648 725 705 782 hoc
725 743 821 782 unum
842 723 986 794 referret,
1005 729 1049 782 ita

136 845 238 884 secum
260 825 422 903 aliquando
444 824 583 883 Cluvium
604 824 762 882 locutum:
791 822 884 893 ‘Scis,
905 821 1048 899 Vergini,

135 943 212 1001 quae
237 923 380 981 historiae
403 923 478 981 fides
502 909 671 991 debeatur3
703 921 831 998 proinde
859 924 883 978 si
908 921 986 998 quid
1015 925 1046 977 in
1071 919 1072 970 3

135 1023 266 1080 historiis
293 1026 369 1080 meis
397 1022 474 1098 legis
501 1022 591 1079 aliter
613 1041 647 1078 ac
676 1021 760 1090 velis,
782 1039 856 1096 rogo
883 1020 1045 1095 ignoscas'
1071 1033 1072 1082 ζ

136 1120 185 1177 Ad
206 1120 264 1177 hoc
284 1120 354 1178 ille:
377 1120 493 1191 ‘Tune,
509 1119 604 1190 Cluvi,
619 1124 751 1196 ignoras,
765 1118 834 1176 ideo
851 1138 901 1175 me
923 1117 1045 1188 fecisse,

134 1220 216 1295 quod
247 1218 316 1290 feci,
344 1227 380 1278 ut
408 1227 489 1277 esset
524 1219 653 1276 liberum
681 1219 765 1275 vobis
794 1219 934 1289 scribere,
964 1237 1045 1295 quae

135 1314 310 1374 libuisset?'
1071 1355 1072 1374 r

176 1415 243 1492 Age
271 1415 354 1485 dum,
377 1414 458 1472 hunc
486 1421 584 1493 ipsum
614 1415 792 1474 Frontinum
820 1419 852 1474 in
880 1415 937 1472 hoc
967 1420 1045 1494 ipso,
1071 1375 1072 1468 l

134 1517 166 1569 in
187 1534 247 1590 quo
268 1515 325 1571 tibi
346 1518 461 1590 parcior
481 1515 601 1572 videtur
616 1524 648 1572 et
668 1518 807 1591 pressior,
822 1533 1042 1590 comparemus

134 1607 242 1666 Vetuit
276 1613 390 1667 exstrui
419 1617 669 1678 monumentum3
701 1608 755 1666 sed
783 1609 891 1686 quibus
920 1609 1043 1666 verbis?

134 1708 143 1735 ‘
151 1701 293 1778 impensa
306 1706 497 1760 monumenti
512 1723 696 1778 supervacua
711 1711 771 1771 est3
785 1705 930 1759 memoria
944 1708 1042 1760 nostri

133 1795 264 1866 durabit,
279 1801 304 1852 si
325 1800 387 1854 vita
408 1797 590 1856 meruimus.’
634 1796 683 1854 An
705 1799 873 1856 restrictius
886 1797 1041 1856 arbitraris

134 1909 188 1964 per
222 1889 327 1947 orbem
368 1898 517 1948 terrarum
557 1891 722 1967 legendum
758 1891 829 1950 dare
864 1890 1041 1948 duraturam

133 1987 309 2040 memoriam
324 2005 417 2054 suam,
433 2004 524 2061 quam
546 2005 606 2041 uno
620 1989 652 2042 in
673 1986 739 2043 loco
753 1986 871 2044 duobus
885 1985 1040 2044 versiculis

133 2082 264 2154 signare,
283 2079 364 2155 quod
386 2078 514 2136 feceris?
557 2078 749 2157 Quamquam
770 2100 832 2136 non
852 2078 949 2135 habeo
971 2099 1040 2158 pro-

133 2175 265 2248 positum
299 2171 385 2228 illum
420 2172 677 2248 reprehendendi,
712 2173 766 2230 sed
801 2172 882 2230 hunc
909 2173 1040 2246 tuendi;

133 2266 217 2319 euius
230 2282 308 2339 quae
323 2270 426 2339 potest
446 2264 527 2338 apud
547 2271 580 2321 te
594 2266 700 2320 iustior
714 2283 780 2320 esse
796 2262 933 2321 defensio
947 2285 1039 2341 quam

133 2376 169 2414 ex
196 2355 356 2414 collatione
382 2360 455 2428 eius,
470 2377 562 2434 quem
583 2358 777 2433 praetulisti?
821 2359 892 2418 Meo
914 2359 1038 2434 quidem

132 2449 242 2508 iudicio
256 2458 368 2508 neuter
381 2450 558 2526 culpandus
573 2471 701 2528 quorum
715 2460 844 2530 uterque
858 2451 895 2509 ad
911 2452 1037 2528 gloriam

132 2543 196 2615 pari
217 2540 395 2616 cupiditate,
409 2540 527 2597 diverso
548 2545 659 2598 itinere
678 2542 847 2612 contendit,
861 2541 947 2611 alter,
963 2543 1036 2602 dum

133 2633 251 2704 expetit
278 2629 397 2688 debitos
426 2630 550 2700 titulos;
579 2631 667 2702 alter,
694 2630 768 2689 dum
795 2631 911 2690 mavult
940 2633 1037 2692 videri

133 2723 360 2795 contempsisse.
404 2717 487 2777 Vale.

164 2893 176 2916 ⁰
194 2885 291 2936 Consul
303 2887 388 2936 under
399 2887 535 2953 Ouligu1a;
553 2890 708 2953 pro-consul
719 2890 747 2939 oi
762 2889 844 2954 Spain
857 2891 941 2940 under
953 2891 1032 2944 Nero.

132 2949 248 3024 Tacitus,
264 2951 399 3011 Plutarch,
413 2953 466 3003 and
479 2953 621 3004 Suetonius
637 2972 707 3004 seem
725 2962 754 3005 to
771 2956 838 3005 have
856 2957 948 3006 drawn
964 2974 1034 3022 upon

136 3015 177 3062 hm
191 3014 263 3076 (lost)
276 3017 361 3066 histor
389 3017 417 3066 of
428 3019 470 3070 his
481 3033 540 3068 own
551 3020 629 3070 times
641 3021 683 3070 for
691 3021 763 3071 their
771 3027 897 3072 accounts
904 3022 932 3072 ol
942 3021 1032 3086 Galba,

131 3078 211 3142 Otho,
224 3080 277 3138 aud
289 3034 423 3138 Vitelllus.

134 3160 191 3216 218
252 3197 257 3203 -
