2158 3436
332 176 420 234 THE
449 175 632 234 LETTERS
661 175 716 232 OF
746 174 873 232 PLINY

190 336 294 413 Atque
315 334 392 392 adeo
414 339 560 411 permitte
575 332 657 390 mihi
680 337 721 390 sic
742 331 824 408 apud
845 339 879 388 te
900 339 1059 409 tamquam

150 445 202 513 ibi,
216 447 258 499 sic
272 450 395 518 peracta
415 462 445 498 re
467 450 622 520 tamquam
643 443 742 501 adhuc
763 449 884 520 integra
905 449 1060 502 rationem

150 548 253 606 iudicii
281 552 342 605 mei
370 549 508 618 reddere,
530 570 668 627 quaeque
696 558 770 607 tuuc
800 555 928 627 carptim
953 539 1070 618 multis

150 657 396 732 obstrepentibus
417 655 489 725 dixi,
512 675 566 732 per
591 660 687 714 otium
711 661 848 734 iungere.
892 657 1062 734 Fingamus

149 776 212 826 tres
240 771 363 824 omnino
390 766 505 824 iudices
533 771 564 824 in
592 767 670 824 hanc
706 747 825 826 causam
859 767 946 824 datos
981 788 1059 837 esse,

150 855 266 948 horum⁸
281 877 332 930 uni
355 874 502 950 placuisse
525 879 624 950 perire
647 875 781 945 libertos
805 874 892 931 alteri
916 874 1070 952 relegariq

150 987 243 1040 tertio
277 981 409 1050 absolvi3
444 989 587 1039 utrumne
622 987 794 1040 sententiae
830 983 907 1040 duae
938 977 1070 1041 collatisl

150 1092 262 1147 viribus
296 1093 487 1146 novissimam
521 1068 684 1166 periment,
711 1111 750 1146 an
785 1094 947 1166 separatim
984 1111 1060 1147 una-

151 1216 288 1274 quaeque
322 1195 505 1254 tantundem
533 1204 680 1274 quantum
714 1195 811 1253 altera
839 1195 962 1267 valebit,
999 1218 1059 1255 nec

151 1310 246 1382 magis
276 1309 391 1381 poterit
418 1325 487 1361 eum
515 1304 648 1362 secunda
676 1308 772 1380 prima
804 1308 932 1374 conecti,
965 1325 1070 1390 quamq

151 1412 284 1471 secunda
318 1432 386 1469 cum
421 1413 534 1469 tertia?
593 1411 691 1487 Igitur
725 1416 757 1468 in
791 1419 898 1470 senatu
934 1431 1058 1489 quoque

151 1523 301 1576 numerari
316 1527 470 1596 tamquam
485 1522 652 1583 contrariae
665 1519 791 1588 debent,
806 1538 883 1596 quae
900 1526 1059 1595 tamquam

150 1627 286 1684 diversae
318 1626 468 1684 dicuntur.
526 1625 641 1697 Quodsi
676 1646 753 1683 unus
784 1634 878 1703 atque
912 1626 996 1683 idem
1027 1635 1059 1684 et

151 1733 322 1811 perdendos
343 1740 483 1790 censeret
504 1741 536 1790 et
555 1732 745 1809 relegandos
761 1753 834 1790 num
849 1753 887 1789 ex
901 1737 1058 1790 sententia

151 1837 239 1890 unius
263 1840 294 1889 et
316 1837 415 1909 perire
438 1839 562 1908 possent
586 1839 619 1889 et
642 1831 792 1907 relegari?
821 1851 894 1888 num
922 1829 1057 1908 denique

151 1935 274 1988 omniuo
297 1951 356 1988 una
378 1935 532 1988 sententia
556 1937 726 2006 putaretur,
749 1950 826 2007 quae
849 1938 913 1987 tam
938 1929 1057 1987 diversa

48 2025 51 2031 ¹
152 2029 372 2105 coniungeret?
422 2027 523 2099 Quem
544 2028 584 2084 ad
608 2028 732 2085 modum
756 2033 858 2105 igitur,
880 2048 949 2084 cum
977 2028 1057 2086 alter

151 2126 330 2204 puniendos
345 2127 422 2183 alter
436 2132 560 2184 censeat
574 2125 762 2202 relegandos
773 2125 867 2182 videri
879 2133 982 2200 potest
995 2146 1057 2182 una

152 2229 315 2295 sententia,
329 2229 399 2302 quia
413 2223 524 2281 dicitur
542 2245 559 2279 a
581 2223 708 2294 duobus,
724 2243 801 2301 quae
823 2243 884 2280 non
899 2221 1056 2281 videretur

152 2343 221 2394 una,
237 2327 260 2380 si
275 2324 313 2379 ab
327 2344 388 2379 uno
401 2321 578 2379 diceretur?

194 2421 297 2493 Quid?
339 2420 388 2478 lex
424 2441 486 2476 non
527 2427 633 2496 aperte
674 2420 766 2477 docet
800 2419 900 2476 dirimi
941 2418 1056 2477 debere

153 2523 320 2577 sententias
355 2518 520 2576 occidentis
555 2525 588 2575 et
615 2517 789 2595 relegentis,
821 2539 890 2576 cum
918 2521 960 2574 ita
993 2519 1057 2577 dis-

153 2621 320 2676 cessionem
348 2617 411 2674 fieri
436 2617 538 2674 iubet:
570 2615 649 2687 ‘Qui
673 2615 749 2674 haee
771 2621 901 2686 sentitis,
923 2619 954 2672 in
976 2615 1056 2698 hanc

154 2724 283 2792 partem,
297 2719 349 2792 qui
362 2715 420 2771 alia
434 2718 544 2784 omnia,
559 2718 590 2770 in
604 2713 686 2770 illam
707 2722 826 2790 partem
846 2719 899 2786 ite,
914 2734 972 2791 qua
986 2735 1055 2773 sen-

154 2814 257 2872 titis’?
314 2813 460 2869 Examina
481 2813 600 2888 singula
619 2814 711 2869 verba
734 2821 767 2870 et
789 2812 945 2890 expende:
975 2813 1053 2885 ‘Qui

155 2912 230 2968 haec
252 2911 391 2980 sentitis:
414 2911 471 2969 hoc
496 2918 542 2967 est
570 2914 624 2987 qui
649 2910 829 2986 relegandos
857 2916 978 2988 putatis
1000 2918 1070 2976 ‘in

156 3008 233 3066 hanc
267 3009 402 3085 partem,’
432 3008 463 3065 id
492 3016 539 3066 est
566 3012 598 3065 in
627 3030 704 3079 eam,
732 3014 763 3066 in
792 3030 851 3087 qua
879 3009 974 3080 sedet,
1001 3017 1052 3088 qui

160 3135 215 3192 134
