2114 3440
273 203 361 261 THE
391 204 573 264 LETTERS
603 205 657 264 OF
686 206 814 263 PLINY

91 363 214 421 Graecis
228 383 359 440 quoque,
375 382 449 440 quos
459 363 569 422 Latine
579 362 669 421 huius
679 363 776 422 libelli
786 385 871 422 amor
885 366 1035 452 docuit

89 477 171 515 nunc
186 456 311 529 cithara,
325 477 406 515 nunc
420 458 485 534 lyra
499 465 685 534 personatur.

131 550 192 608 Sed
221 551 294 628 quid
323 571 380 628 ego
403 559 466 608 tam
487 551 640 628 gloriose?
682 550 876 630 Quamquam
904 562 1035 632 po'e'tis

89 644 190 703 furere
212 664 388 703 concessum
416 653 481 714 est;
502 654 535 704 et
562 653 666 704 tamen
689 667 752 704 non
776 647 816 704 de
838 668 926 720 me0,
957 649 1035 708 sed

89 739 129 796 de
157 739 283 796 aliorum
310 739 421 797 iudicio
448 739 574 818 loqu0r;
596 745 647 817 qui
676 745 738 800 sive
767 742 909 800 iudicant
942 737 1035 803 sive¹

90 842 202 904 errant,
237 853 286 891 me
321 833 479 892 delectat.1
523 834 628 892 Unum
663 855 779 911 precor,
813 844 849 894 ut
885 833 1035 912 posteri

90 947 210 1004 quoque
225 935 279 985 aut
293 936 397 985 errent
410 929 549 986 similiter
563 936 617 987 aut
630 929 775 988 iudicent.
820 929 896 985 Vale

530 1125 556 1181 V

268 1255 298 1313 C.
325 1256 444 1315 Pnnuus
466 1258 658 1314 Caerunumu
679 1255 760 1313 son:
781 1253 809 1311 S.

131 1380 324 1438 lucanorum
347 1390 403 1451 est,
419 1388 534 1457 quanto
555 1380 707 1438 desiderio
730 1383 775 1438 tui
800 1386 917 1436 tenear.
966 1378 1009 1434 In

91 1490 180 1527 causa
200 1491 284 1528 amor
304 1474 443 1545 primum,
459 1469 571 1524 deinde
594 1468 676 1543 quod
701 1487 763 1523 non
788 1471 1006 1524 consuevimus

89 1569 202 1627 abesse.
247 1567 324 1625 Inde
339 1573 395 1634 est,
411 1565 491 1640 quod
505 1582 647 1638 magnam
668 1570 787 1636 partem
807 1565 946 1620 noctium
968 1569 1003 1620 in

88 1670 221 1744 imagine
243 1673 296 1722 tua
320 1661 392 1738 vigil
415 1665 513 1736 exigo,
538 1658 620 1728 inde,
634 1658 715 1734 quod
730 1659 874 1731 interdiu,
889 1663 1001 1738 quibus

93 1763 173 1821 horis
187 1772 221 1821 te
236 1766 331 1817 visere
353 1758 496 1829 solebam,
511 1757 548 1813 ad
564 1755 697 1813 diaetam
711 1764 796 1814 tuam
810 1761 868 1835 ipsi
888 1778 947 1829 me,
963 1769 999 1818 ut

89 1865 243 1918 verissime
257 1857 380 1928 dicitur,
394 1856 489 1932 pedes
502 1855 639 1924 ducunt3
660 1855 741 1932 quod
755 1856 890 1934 denique
905 1877 997 1934 aeger

89 1968 121 2017 et
148 1963 281 2015 maestus
308 1976 343 2012 ac
371 1955 475 2013 similis
498 1954 628 2026 excluso,
650 1974 744 2012 vacuo
758 1955 863 2014 limine
877 1957 991 2014 recedo

92 2057 193 2114 Unum
217 2062 339 2132 tempus
365 2053 411 2112 his
435 2058 595 2112 tormentis
617 2061 709 2125 caret,
735 2073 795 2132 quo
817 2058 848 2110 in
870 2054 933 2111 foro
960 2063 991 2112 et

90 2158 253 2210 amicorum
280 2153 385 2211 litibus
408 2161 555 2211 conteror.
600 2151 738 2210 Aestima
765 2160 809 2223 tu,
832 2173 907 2230 quae
931 2157 989 2210 vita

89 2271 157 2309 mea
179 2255 228 2323 sit,
250 2255 298 2308 cui
322 2256 441 2329 requies
464 2255 496 2307 in
518 2251 629 2322 labore,
655 2255 686 2308 in
711 2254 831 2307 miseria
858 2255 986 2328 curisque

89 2345 240 2404 solacium.
285 2346 367 2403 Vale.
398 2345 399 2349 ’

520 2584 562 2639 Vl

303 2717 334 2773 C.
361 2717 481 2773 Pennus
504 2717 648 2773 Macnnro
671 2717 732 2773 Suo
754 2716 782 2774 S.

133 2852 215 2908 Rana
229 2858 261 2908 et
271 2847 412 2906 notabilis
427 2868 474 2906 res
484 2848 604 2905 Vareno
613 2851 752 2923 contigit,
764 2851 804 2905 sit
813 2848 884 2905 licet
893 2847 976 2905 adhuc

89 2945 188 3003 dubia.
234 2944 357 3021 Bithyni
372 2947 594 3002 accusationem
614 2946 677 2999 eius
697 2950 731 2998 ut
745 2950 861 3000 temere
877 2942 975 3000 inchoa·
1034 2993 1035 3026 3

276 3049 283 3080 ¹
301 3050 418 3101 delectat
429 3051 470 3110 M,
485 3049 518 3098 M
519 3049 591 3107 riller,
605 3046 741 3097 delectant
753 3048 807 3098 rell.

94 3161 129 3201 12
