2150 3444
313 251 402 310 THE
431 249 615 308 LETTERS
644 247 699 307 OF
730 245 855 304 PLINY

131 417 343 471 consentiente
365 413 569 488 utebaturque
583 409 734 466 mandatis
755 411 827 478 tuis,
837 389 959 484 quibus
983 409 1046 462 eius

131 555 212 612 modi
235 555 414 612 donationes
435 559 586 609 vetantur.
630 549 698 606 Piso
719 557 825 606 contra
846 547 987 624 plurima
1016 566 1044 602 se

131 699 162 750 in
183 693 400 771 rempublicam
420 691 583 749 contulisse
608 711 642 746 ac
660 709 754 767 prope
774 696 853 746 totas
875 687 1044 744 facultates

132 852 270 908 erogasse
292 831 421 888 dicebat.
465 830 609 888 Addebat
624 834 716 888 etiam
736 833 883 906 temporis
906 833 1041 905 spatium

131 973 375 1051 postulabatque,
399 990 439 1027 ne
463 970 503 1040 id,
526 969 607 1046 quod
631 989 685 1046 pro
706 968 810 1027 multis
835 977 867 1027 et
889 969 968 1026 olim
996 990 1039 1026 ac-

132 1117 272 1189 cepisset,
297 1131 366 1168 cum
388 1114 544 1168 eversione
569 1109 703 1185 reliquae
725 1109 885 1186 dignitatis
907 1109 1039 1168 reddere

132 1262 300 1330 cogeretur.
344 1251 462 1324 Quibus
476 1271 513 1308 ex
533 1254 630 1308 causis
654 1254 805 1327 integram
829 1254 1037 1326 cognitionem

132 1394 330 1453 differendam
355 1395 533 1463 existimavi,
558 1399 594 1450 ut
613 1399 657 1462 te,
679 1391 812 1462 domine,
836 1393 1038 1453 consulerem.

131 1534 204 1612 quid
215 1532 404 1611 sequendum
418 1540 548 1609 putares.

550 1801 618 1857 CXI

442 1957 598 2015 Tauranus
615 1957 725 2014 ‘Puruo

173 2117 264 2176 Sicur
291 2116 467 2192 largitiones
491 2134 528 2171 ex
556 2113 678 2190 publico
706 2113 770 2171 lieri
797 2113 944 2171 mandata
972 2137 1037 2193 pro

131 2249 250 2319 hibent,
264 2252 317 2319 ita,
331 2267 370 2304 ne
391 2246 556 2304 multorum
580 2206 724 2304 securitas
749 2248 920 2317 subruatur,
944 2247 1037 2308 factas

132 2388 204 2437 ante
219 2380 407 2457 aliquantum
421 2383 566 2455 temporis
580 2383 737 2436 retractari
751 2386 843 2456 atque
864 2383 896 2435 in
918 2383 1035 2440 irritum

132 2511 276 2568 vindicari
291 2530 352 2567 non
367 2518 495 2587 oportet.
540 2509 696 2587 Quidquid
711 2530 784 2587 ergo
805 2531 842 2568 ex
865 2511 923 2568 hac
949 2534 1035 2573 causa

133 2649 234 2700 actum
270 2649 342 2698 ante
370 2645 478 2718 viginti
506 2661 600 2698 annos
629 2646 696 2713 erit,
725 2646 907 2701 omittamus.
965 2646 1032 2705 Non

132 2775 233 2826 minus
254 2774 335 2827 enim
350 2771 521 2829 hominibus
536 2777 680 2850 cuiusque
694 2774 762 2845 loci,
777 2795 867 2852 quam
888 2785 1032 2853 pecuniae

134 2898 272 2972 publicae
287 2900 458 2959 consultum
472 2903 547 2960 volo.

134 3169 193 3238 418
