2160 3438
321 252 409 310 THE
439 251 622 310 LETTERS
651 249 706 309 OF
736 249 863 307 PLlNY

580 509 606 567 L

451 669 606 726 Tauranus
629 667 734 725 Pinum

183 828 287 899 Porus,
301 832 343 885 mi
358 827 498 885 Secunde
514 831 676 898 carissime,
691 829 756 884 sine
779 825 996 884 sollicitudine
1011 847 1051 883 re-

138 924 270 999 ligionis,
284 927 308 980 si
323 923 380 979 loci
395 926 504 999 positio
519 921 640 979 videtur
661 919 719 977 hoe
740 919 927 992 desiderare,
942 922 1049 978 aedem

141 1019 248 1076 Matris
265 1017 365 1075 Deum
380 1016 545 1074 transferre
554 1020 586 1072 in
601 1035 678 1086 eam,
690 1035 768 1092 quae
784 1022 831 1072 est
840 1017 1049 1073 accommoda-

140 1111 217 1176 ti0r;
249 1127 306 1163 nec
334 1116 367 1165 te
389 1115 519 1177 moveat,
545 1105 626 1183 quod
654 1105 705 1162 lex
733 1105 937 1164 dedicationis
973 1107 1049 1164 nulla

141 1206 303 1278 reperitur,
317 1223 386 1259 cum
401 1201 497 1259 solum
518 1205 697 1278 peregrinae
719 1204 849 1257 civitatis
871 1221 973 1276 capax
996 1221 1049 1259 non

141 1301 180 1354 sit
194 1296 404 1368 dedicationis,
419 1315 496 1373 quae
511 1295 546 1352 fit
560 1304 663 1353 nostro
674 1299 747 1351 iure.

318 1687 350 1744 C.
375 1686 495 1744 Pmurus
516 1687 654 1744 Traiano
678 1686 865 1743 lurnnsrom

184 1847 339 1905 Drrncnu
360 1855 416 1917 est,
438 1846 571 1916 domine,
587 1849 757 1922 exprimere
779 1845 888 1916 verbis,
904 1855 1045 1923 quantam

146 1948 334 2022 perceperim
349 1944 507 2014 laetitiam,
529 1943 610 2021 quod
636 1951 669 2000 et
692 1942 767 1999 mihi
789 1950 823 2000 et
843 1947 944 2000 socrui
967 1964 1046 2000 mene

145 2047 334 2121 praestitisti,
356 2053 391 2101 ut
412 2043 543 2100 adfinem
572 2043 658 2113 eius,l
689 2041 825 2100 Caelium
858 2042 1047 2101 Clementem

144 2146 177 2198 in
192 2141 270 2198 hanc
284 2146 468 2218 provinciam
490 2139 678 2198 transferres.
723 2140 769 2197 Ex
789 2139 843 2196 illo
864 2145 948 2197 enim
971 2161 1048 2197 men-

145 2260 244 2296 suram
256 2240 394 2297 beneficii
409 2244 454 2296 tui
469 2244 592 2315 penitus
605 2239 763 2314 intellego,
773 2257 842 2295 cum
850 2246 915 2296 tarn
929 2239 1047 2315 plenam

146 2338 369 2414 indulgentiam
398 2359 467 2395 cum
499 2345 565 2395 tota
600 2337 690 2394 domo
724 2356 792 2394 mea
827 2341 976 2412 experiar,
1003 2342 1047 2394 cui

147 2436 260 2492 referre
283 2441 412 2512 gratiam
437 2456 541 2512 parem
566 2455 605 2492 ne
633 2435 731 2492 audeo
758 2435 893 2512 quidem,
916 2441 1048 2511 quamvis

148 2539 278 2592 maxime
294 2535 431 2593 debeam.
476 2535 585 2612 Itaque
600 2534 639 2591 ad
661 2541 731 2591 vota
752 2532 896 2609 confugio
917 2533 1048 2611 deosque

147 2653 264 2710 precor,
288 2641 323 2692 ut
346 2638 391 2704 iis,
416 2654 494 2710 quae
509 2639 541 2689 in
564 2653 613 2690 me
637 2632 763 2690 adsidue
783 2631 912 2702 confers,
930 2653 991 2688 non
1006 2639 1048 2690 in·

147 2732 258 2808 dignus
280 2736 442 2790 existimer.

181 2883 189 2913 ¹
207 2882 320 2932 adfinem
341 2885 398 2933 eius
420 2884 572 2943 Beroaldus,
585 2883 620 2932 ad
637 2883 716 2932 finem
733 2883 790 2933 eius
802 2884 864 2943 Au,
881 2900 909 2943 a,
921 2883 956 2933 ad
974 2885 1046 2934 finem

149 2948 301 2996 consulatus
314 2948 407 2997 Calua.

154 3199 211 3254 340
