2148 3440
357 219 445 276 THE
474 217 658 276 LETTERS
685 218 740 277 OF
769 217 895 275 PLINY

215 377 320 447 Hunc,
354 397 422 434 cum
457 377 546 434 simul
573 377 781 448 militaremus
816 396 877 433 non
911 375 1016 434 solum
1054 397 1063 432 r

174 458 339 516 commilito
354 463 480 535 inspexi.
515 458 657 516 Praeerat
671 458 735 514 alae
750 457 887 527 militari;
909 477 970 534 ego
987 462 1063 516 iussi

174 561 192 597 a
219 540 321 616 legato
349 540 497 598 consulari
528 544 660 597 rationes
693 538 808 597 alarum
843 547 875 596 et
909 539 1063 596 cohortiur

174 629 318 679 excutere
329 629 365 680 ut
378 641 519 698 magnam
530 620 719 698 quorundam
729 619 910 697 foedamque
924 625 1063 677 avaritiai

175 710 208 760 et
216 702 598 780 neglegentiamparemita
608 702 696 760 huius
704 722 852 760 summam
860 707 1063 778 integritates

174 784 333 842 sollicitam
356 784 548 860 diligentiam
569 788 680 842 inveni.
733 782 841 841 Postea
862 791 1024 860 promotus
1050 805 1063 840 a

174 866 371 942 amplissimas
392 870 618 942 procurationes
641 865 725 922 nulla
745 869 900 922 occasione
922 874 1063 941 corrupti

175 948 213 1004 ab
240 951 331 1004 insito
365 948 568 1004 abstinentiae
602 966 703 1004 amore
738 947 881 1014 deflexit3
914 966 1063 1023 numquar

175 1028 315 1086 secundis
364 1029 454 1085 rebus
501 1033 658 1098 intumuit,
705 1047 870 1104 numquam
918 1028 1063 1085 officiorm

175 1113 321 1166 varietate
357 1113 531 1166 continuam
565 1109 688 1168 laudern
723 1109 920 1167 humanitatis
955 1109 1063 1186 infreg

175 1190 343 1266 eademque
378 1190 520 1248 firmitate
548 1195 640 1247 animi
674 1190 825 1248 laboribus
859 1191 989 1261 suffecit,
1028 1213 1063 1268 qu

174 1292 256 1329 nunc
280 1276 376 1329 otium
401 1276 523 1348 patitur.
567 1271 658 1344 Quod
685 1272 809 1349 quidem
836 1272 990 1348 paulisper
1017 1293 1063 1329 cur

175 1373 285 1429 magna
299 1373 352 1410 sua
366 1353 456 1410 laude
470 1357 634 1411 intermisit
649 1362 681 1411 et
695 1358 796 1429 posuit
809 1374 827 1410 a
838 1353 969 1410 Corellio
980 1363 1063 1412 nostr

178 1455 215 1492 ex
244 1434 426 1491 liberalitate
457 1438 645 1511 imperatoris
681 1435 798 1492 Nervae
834 1435 972 1492 emendis
1009 1435 1063 1492 div

174 1515 345 1592 dendisque
372 1520 451 1592 agris
478 1516 599 1573 adiutor
632 1516 817 1593 adsumptus
868 1517 994 1574 Etenim
1027 1537 1063 1593 qu

175 1597 271 1673 gloria
298 1597 426 1674 dignum
454 1605 501 1654 est
529 1617 647 1655 summo
673 1602 737 1654 viro
769 1602 801 1654 in
832 1605 919 1655 tanta
946 1597 1063 1678 eligenq

175 1677 321 1736 facultate
335 1682 497 1754 praecipue
510 1678 676 1755 placuisse!

218 1759 305 1816 Idem
337 1779 427 1836 quam
461 1768 647 1832 reverenter,
682 1780 771 1836 quam
807 1761 938 1818 fideliter
972 1767 1062 1820 amica

176 1841 266 1912 colat,
301 1841 466 1898 multorum
504 1846 652 1917 supremis
679 1842 807 1912 iudiciis,
848 1847 880 1899 in
914 1842 962 1900 his
1000 1844 1062 1918 Ani

177 1922 270 1992 Bassi,
325 1926 490 1998 gravissimi
547 1927 628 1994 civis,
677 1923 802 1980 credere
851 1931 948 2000 potes,
997 1919 1062 1981 cuid

176 2007 352 2060 memoriam
386 2011 450 2061 tam
485 2012 571 2079 grata
605 2004 831 2080 praedicatione
872 2014 1016 2082 prorogat
1050 2025 1061 2062 e

177 2084 326 2155 extendit,
341 2093 376 2142 ut
399 2084 508 2142 librum
529 2085 569 2142 de
585 2090 646 2142 vita
668 2090 733 2142 eius
748 2088 830 2163 (nam
845 2087 946 2144 studia
959 2107 1061 2163 quoqu

176 2170 255 2225 sicut
282 2166 353 2222 alias
388 2173 468 2223 artes
503 2166 596 2224 bonas
624 2175 798 2244 veneratur)
826 2168 965 2227 ediderit.
1012 2167 1061 2229 Pul

176 2247 283 2304 chrum
320 2247 401 2305 istud
440 2255 473 2306 et
510 2251 634 2306 raritate
669 2252 734 2324 ipsa
774 2249 974 2325 probandum,
1010 2271 1060 2307 cun

177 2328 314 2406 plerique
352 2329 501 2386 hactenus
542 2328 757 2387 defunctorum
798 2335 1003 2403 meminerint,
1046 2351 1060 2390 u

178 2418 352 2488 querantur.
1059 2441 1060 2491 q

209 2561 221 2583 ‘¹
238 2551 313 2611 Alae,
326 2551 372 2601 the
384 2552 491 2616 cavalry
503 2552 631 2604 divisious
640 2554 691 2614 (lit.
704 2554 794 2618 wippa)
805 2555 860 2605 oia
874 2556 975 2606 Roman
985 2574 1056 2622 army

176 2617 297 2677 cobortea,
310 2616 356 2666 tha
367 2617 498 2682 auxiliary
511 2623 609 2683 troops,
624 2618 688 2668 both
699 2620 776 2670 horse
787 2620 840 2670 and
850 2620 914 2672 ioot.
1058 2607 1059 2640 ¹

210 2684 220 2714 ⁶
237 2682 328 2732 Nerva
346 2682 465 2730 restored
486 2687 515 2732 to
536 2683 582 2732 the
600 2684 716 2734 Romans
733 2685 769 2735 all
789 2686 850 2736 that
869 2685 1004 2737 Domitian
1024 2687 1059 2753 hal

178 2745 327 2812 plundorcd
346 2747 419 2796 them
438 2747 473 2806 of,
491 2748 543 2797 und
564 2765 630 2813 gave
649 2767 663 2799 a
684 2766 747 2815 very
768 2751 840 2816 large
856 2768 914 2801 sum
931 2757 960 2802 to
977 2754 1008 2802 be
1027 2756 1058 2804 lai

178 2818 226 2862 out
248 2814 277 2861 in
299 2812 346 2862 the
368 2813 498 2877 purchase
516 2814 544 2863 ol
560 2815 637 2864 landa
659 2815 701 2864 for
723 2816 770 2866 tha
793 2823 904 2882 support
921 2818 948 2867 ol
964 2819 1058 2886 decayq

178 2871 301 2928 familias.
338 2878 453 2939 (Molm.)
1057 2921 1058 2940 ,

211 2952 221 2973 ⁰
237 2942 279 2992 te.
294 2943 363 2992 from
375 2944 446 2992 their
458 2944 563 3010 leaving
574 2945 627 2994 him
642 2946 760 3011 legacies.
781 2947 851 2998 Such
863 2943 1058 3016 complimentarl

180 3007 304 3072 bequasts
315 3024 360 3057 are
372 3007 473 3058 several
488 3010 566 3058 times
578 3011 650 3078 cited
662 3011 697 3076 by
709 3011 801 3062 Cicero
812 3029 840 3062 aa
852 3031 868 3062 a
879 3015 1057 3066 testimoniali

179 3072 226 3122 the
237 3073 388 3138 recipient's
399 3073 536 3123 character
548 3093 555 3134 ς
574 3077 607 3138 cf.
623 3078 666 3128 vii.
681 3079 722 3130 20.
1056 3093 1057 3138 l

181 3167 217 3221 82
