2150 3444
310 222 399 283 THE
428 223 611 285 LETTERS
641 224 696 285 OF
725 224 852 284 PLINY

130 383 288 442 adfirmare
304 383 417 440 soleam
431 403 493 440 nou
514 387 679 440 excessisse
693 402 742 438 me
758 402 938 453 numerum,
956 401 1046 459 quem

127 478 209 554 apud
257 477 474 553 amplissimum
522 476 660 534 ordinem
713 475 914 533 suffecturum
974 475 1046 532 mihi

129 571 280 647 professus
302 591 377 630 sum.
421 571 487 628 Tuo
509 579 614 628 tamen
638 569 790 628 desiderio
815 571 992 646 subscripsi
1018 579 1046 626 et

128 665 248 722 dedisse
262 685 312 722 me
326 669 372 722 ius
394 669 485 722 trium
506 664 669 722 liberorum
691 664 837 722 Suetonio
859 663 1046 741 Tranquillo

128 779 163 816 ea
178 757 365 829 condicione,
380 779 440 835 qua
460 759 594 829 adsuevi,
616 758 722 816 referri
743 763 774 814 in
801 763 1042 815 commentarios

127 873 210 910 meos
224 858 304 910 iussi.
715 906 726 932 ⁸

528 1028 626 1085 XCVI

303 1170 334 1226 C.
359 1170 480 1227 Punuus
501 1169 641 1225 Turrino
665 1169 852 1227 lurensroni

103 1305 111 1348 ¹
167 1315 309 1373 Souuuuu
338 1324 385 1373 est
420 1315 506 1386 mihi,
530 1297 667 1385 domine,
702 1320 813 1386 omnia,
848 1315 889 1373 de
928 1321 1035 1395 quibus

125 1426 242 1498 dubito,
257 1426 295 1483 ad
310 1435 342 1484 te
363 1426 485 1484 referre.
530 1426 606 1498 Quis
627 1431 709 1483 enim
731 1435 833 1504 potest
854 1429 970 1486 melius
993 1429 1033 1486 vel

126 1541 352 1594 cunctationem
387 1557 485 1594 meam
521 1557 638 1614 regere,
666 1538 714 1594 vel
750 1542 957 1614 ignorantiam
995 1546 1033 1596 in-

126 1655 242 1704 struere
258 1650 269 1704 ?
312 1648 542 1724 Cognitionibus
557 1646 596 1705 de
609 1648 787 1706 Christianis
803 1649 932 1706 interfui
950 1672 1032 1708 num·
1057 1663 1058 1697 l

124 1779 222 1835 quam.
268 1759 342 1816 Ideo
370 1763 481 1829 nescio,
510 1759 583 1836 quid
613 1768 645 1817 et
673 1767 824 1836 quatenus
852 1769 906 1818 aut
935 1769 1032 1838 puniri

82 1887 104 1944 2
124 1870 228 1939 soleat,
243 1879 297 1928 aut
317 1875 429 1947 quaeri.
473 1871 539 1927 Nec
560 1871 755 1962 mediocriter
775 1871 935 1944 haesitavi,
955 1879 1030 1933 sitne
1056 1847 1057 1881 l

124 1981 245 2058 aliquod
260 1982 422 2040 discrimen
436 1989 582 2053 aetatum,
598 2003 637 2038 an
651 1982 819 2059 quamlibet
832 1989 936 2042 teneri
960 1987 1029 2044 nihil
1055 2025 1056 2065 i

123 2114 140 2149 a
161 2095 377 2150 robustioribus
405 2092 556 2165 differant,
584 2092 675 2152 detur
703 2098 911 2170 paenitentiae
936 2105 1030 2158 venia.
1054 2123 1055 2176 3

123 2223 162 2259 an
176 2207 214 2273 ei,
228 2208 280 2280 qui
294 2208 417 2261 omnino
431 2204 618 2262 Christianus
632 2204 700 2274 suit,
714 2204 827 2262 desisse
841 2225 904 2262 non
927 2215 1027 2284 prosit.
1054 2179 1055 2247 l

122 2333 235 2370 nomen
262 2318 370 2389 ipsum,
398 2305 532 2372 etiamsi‘¹
550 2314 670 2391 flagitiis
705 2322 815 2384 careat,
842 2334 881 2370 an
917 2316 1026 2395 flagitia
1053 2293 1054 2388 l

123 2424 316 2481 cohaerentia
330 2429 445 2482 nomini
460 2430 632 2501 puniantur.
1053 2393 1054 2431 l

165 2532 292 2590 Interim
320 2537 352 2589 in
379 2537 425 2602 iis,
453 2538 504 2610 qui
532 2532 570 2590 ad
598 2553 648 2590 me
677 2541 832 2611 tamquam
861 2532 1023 2594 Christiani

122 2638 349 2709 deferebantur,
364 2638 445 2697 hunc
460 2659 526 2695 sum
541 2649 663 2697 secutus
674 2640 805 2696 modum.
838 2638 1021 2720 Interrogavi

76 2750 95 2804 3
122 2749 211 2818 ipsos,
234 2765 272 2799 an
296 2753 399 2802 essent
422 2745 591 2802 Christiani.
635 2747 824 2804 Confitentes
851 2751 962 2808 iterum
992 2773 1022 2808 ec

122 2852 214 2904 tertio
249 2853 433 2924 interrogavi
468 2851 648 2927 supplicium
683 2857 824 2910 minatus.
884 2853 1020 2916 Perseve-

123 2957 224 3004 rantes
253 2951 322 3007 duci
350 2957 429 3009 iussi.
449 2925 583 3040 [Neque
609 2962 690 3013 enim
712 2959 899 3032 dubitabam,
922 2965 1019 3040 quale-

123 3071 242 3126 cunque
263 3064 353 3124 esset,
368 3059 450 3132 quod
472 3059 651 3131 faterentur,
667 3069 867 3139 pertinaciam
889 3079 969 3128 certe
991 3083 1020 3130 et

124 3175 183 3224 400
