2150 3444
309 202 398 259 THE
426 199 609 258 LETTERS
638 200 699 275 ΟΕ
723 198 847 255 PLINY

70 340 96 416 ll
128 361 322 420 inflexibilem
351 362 586 418 obstinationem
607 359 722 417 debere
742 361 852 435 puniri.
902 357 929 412 F
931 364 1045 413 uemnt

127 471 178 526 alii
193 469 297 526 similis
311 472 463 525 amentiae
476 487 483 536 ;
505 487 589 543 quos
604 471 675 543 quia
689 471 769 523 cives
786 465 918 521 Romani
945 471 1042 524 erant.

127 577 269 634 adnotavi
284 581 316 632 in
330 576 436 632 urbem
452 542 671 640 remittendoffl

170 685 242 740 Mox
266 688 333 758 ipso,
355 690 496 752 tractatu,
520 688 556 739 ut
580 681 644 738 fieri
669 681 756 751 solet,
780 679 985 736 diffundente
1012 698 1041 734 se

75 816 96 896 Β
128 795 254 848 crimine
283 791 384 867 plures
412 794 529 866 species
556 789 738 846 inciderunt.
784 788 969 864 Propositus
998 795 1039 843 est

120 899 249 956 libellus
278 902 343 955 sine
371 905 495 954 auctore
523 895 688 953 multorum
716 899 839 952 nomina
862 900 1034 952 continens

129 1006 190 1077 Qui
218 1006 373 1082 negabant
401 1024 432 1062 se
461 1024 526 1062 esse
555 1003 740 1061 Christianos
760 1011 814 1060 aut
838 1003 949 1074 fuisse,
973 1023 1034 1060 cuni

128 1121 295 1188 praeeunte
309 1132 359 1169 me
373 1110 447 1168 deos
461 1111 660 1187 appellarent,
671 1119 705 1168 et
715 1114 839 1187 imagini
850 1119 939 1181 tuae,
949 1131 1033 1189 quam

20 1225 26 1229 ’
128 1227 253 1295 propter
264 1218 321 1275 hoc
330 1223 474 1276 iusseram
483 1238 551 1275 cum
566 1218 732 1275 simulacris
740 1221 901 1275 numinum
912 1219 1032 1277 adferri.

128 1335 197 1384 ture
220 1347 254 1382 ac
283 1331 353 1382 vino
381 1326 597 1402 supplicarent,
626 1332 785 1401 praeterea
812 1322 1053 1402 maledicerentl

128 1433 258 1504 Christo,
273 1453 400 1509 quorum
414 1433 490 1490 nihil
511 1453 598 1510 posse
623 1435 690 1509 cogi
711 1431 864 1502 dicuntur,
887 1437 942 1508 qui
967 1441 1031 1489 sunt

84 1525 102 1602 d
128 1562 161 1599 re
176 1561 246 1599 vera
267 1541 439 1612 Christiani,
454 1539 653 1599 dimittendos
675 1560 741 1598 esse
762 1544 875 1617 putavi.
920 1539 985 1596 Alii
999 1541 1031 1596 ab

129 1647 229 1705 indice
245 1652 393 1705 nominati
408 1667 473 1706 esse
489 1668 521 1705 se
536 1646 722 1706 Christianos
742 1647 888 1705 dixerunt
909 1655 945 1704 et
967 1667 1030 1704 mox

129 1761 319 1830 negaverunt
332 1774 339 1822 ;
354 1753 446 1811 fuisse
460 1753 594 1830 quidem,
606 1754 659 1812 sed
673 1755 809 1824 desiisse,
823 1753 947 1831 quidam
963 1763 1031 1810 ante

128 1855 304 1920 triennium,
315 1851 438 1928 quidam
453 1860 525 1909 ante
539 1852 641 1928 plures
650 1873 754 1924 annos,
766 1873 827 1908 non
838 1871 930 1908 nemo
942 1857 1028 1909 etiam

127 1958 200 2006 ante
224 1953 332 2025 viginti
360 1950 516 2027 quinque.l
558 1950 674 2007 Omnes
696 1959 730 2008 et
756 1955 921 2026 imaginem
950 1959 1027 2008 tuam

84 2065 88 2072 ·
128 2049 316 2125 deorumque
346 2049 503 2105 simulacra
538 2053 675 2106 venerati
710 2056 801 2107 sunt:
845 2056 878 2105 et
912 2049 1028 2106 Christo

128 2145 361 2203 maledixerunt.

71 2270 93 2330 7
169 2243 380 2301 Adfirmabant
394 2251 498 2301 autem
511 2242 590 2300 hanc
605 2242 696 2301 fuisse
708 2263 855 2302 summam
866 2243 913 2300 vel
925 2245 1027 2322 culpae

129 2363 200 2401 suae
225 2341 273 2400 vel
298 2347 415 2413 erroris,
440 2340 522 2419 quod
547 2350 651 2399 essent
675 2342 754 2399 soliti
780 2350 860 2399 stato
884 2342 936 2400 die
962 2354 1026 2400 ante

128 2440 228 2499 lucem
243 2445 405 2498 convenire
421 2459 603 2522 carmenque
619 2439 738 2498 Christo
752 2444 836 2517 quasi
851 2430 910 2497 de'o
929 2442 1025 2500 dicere

128 2559 231 2596 secum
266 2543 396 2596 invicem
430 2557 523 2614 seque
558 2546 746 2596 sacramento
779 2558 841 2595 non
874 2543 907 2595 in
935 2541 1025 2598 scelus

128 2636 250 2713 aliquod
275 2638 475 2713 obstringere,
490 2636 543 2694 sed
566 2656 605 2693 ne
626 2636 718 2708 furta,
740 2656 779 2693 ne
801 2636 966 2708 latrocinia,
991 2659 1022 2695 ne

128 2733 277 2791 adulteria
313 2739 551 2805 committerent,
589 2754 629 2791 ne
672 2734 762 2792 fidem
806 2733 954 2806 fallerent,
991 2757 1023 2792 nc

243 2861 252 2892 ¹
269 2864 492 2927 vigintiquinque
504 2863 698 2924 Ritterahusios,
711 2881 815 2929 quoque
826 2881 853 2922 u,
867 2865 916 2916 Au.

163 2983 175 3004 ⁰
193 2975 295 3039 Except
307 2977 341 3039 by
354 2979 451 3040 special
462 2978 614 3042 delegation
625 2980 654 3028 ol
664 2981 711 3029 the
725 2981 874 3046 Emperor’s
886 2998 942 3032 own
952 2984 1021 3046 juris·

130 3037 240 3097 diction,
254 3055 288 3087 no
299 3042 444 3102 provincial
456 3059 585 3106 governor
597 3043 649 3093 had
661 3060 750 3108 power
760 3053 788 3094 to
800 3045 885 3096 inflict
897 3048 941 3096 the
949 3047 1021 3096 death

131 3146 188 3196 402
