2158 3436
302 165 390 223 THE
420 163 603 223 LETTERS
632 164 686 223 OF
715 162 841 220 PLINY

119 333 232 396 tectae,
255 343 393 408 quaeque
430 323 488 380 alia
519 323 678 380 secundior
707 322 794 399 palus
824 327 955 399 ipsaque
982 323 1039 378 illa
1062 363 1063 370 ,

120 447 297 502 extremitas
311 443 394 501 lacus
409 443 503 500 effert.
548 442 608 500 Sua
622 446 731 519 cuique
745 442 841 518 figura
855 451 890 500 ut
903 443 1040 510 modus余

120 567 238 621 cunctis
259 583 363 639 margo
385 563 518 634 derasus,
540 566 611 640 quia
624 561 803 639 frequenter
817 561 866 620 vel
880 561 965 619 litori
984 562 1040 620 vel

120 685 176 741 sibi
191 683 286 740 illisae
301 690 407 740 terunt
421 690 632 759 terunturque.
664 681 720 738 Par
731 663 870 739 omnibus
884 681 1039 752 altitudo,

120 824 174 880 par
187 803 313 871 levitas余
334 807 447 879 quippe
462 807 494 858 in
509 805 642 878 speciem
656 806 775 859 carinae
797 801 904 859 humili
925 803 1038 860 radice

120 917 320 976 descendunt.
387 918 473 974 Haec
509 918 547 974 ab
583 921 666 974 omni
706 918 803 975 latere
844 923 1063 995 perspicitur

120 1032 289 1111 eademque
324 1053 468 1110 suspensa
496 1037 609 1108 pariter
641 1040 674 1090 et
704 1053 810 1090 mersa.
865 1033 1037 1092 Interdum
1062 1007 1063 1030 l

121 1154 242 1207 iunctae
278 1148 497 1225 copulataeque
527 1156 559 1204 et
590 1151 762 1204 continenti
797 1147 909 1204 similes
946 1158 1037 1220 sunt,

120 1264 275 1338 interdum
317 1263 558 1320 discordantibus
596 1265 695 1320 ventis
733 1262 934 1338 digeruntur余
966 1284 1037 1321 non

120 1400 285 1457 numquam
299 1379 466 1437 destitutae
477 1377 699 1455 tranquillitate
713 1379 850 1454 singulae
864 1378 1013 1437 fluitant:

162 1493 259 1568 Saepe
274 1496 405 1549 minores
427 1493 589 1549 maioribus
604 1491 688 1549 velut
707 1491 866 1549 cumbulae
881 1500 1036 1552 onerariis

119 1608 351 1678 adhaerescunt,
380 1627 470 1683 saepe
499 1611 580 1664 inter
608 1627 640 1664 se
672 1612 800 1665 maiores
833 1612 1034 1687 minoresque

120 1727 204 1801 quasi
219 1743 340 1782 cursum
355 1732 571 1801 certamenque
595 1724 779 1792 desumunt余
800 1745 901 1782 rursus
921 1745 1034 1784 omnes

120 1845 152 1896 in
167 1840 300 1898 eundem
313 1841 414 1897 locum
428 1840 582 1917 adpulsae,
597 1860 656 1918 qua
671 1848 834 1911 steterunt,
846 1851 1034 1917 promovent

121 1963 232 2012 terram
261 1964 294 2013 et
321 1956 411 2012 modo
439 1955 506 2025 hac,
534 1954 625 2012 modo
658 1954 727 2012 illac
759 1955 858 2011 lacurn
891 1954 1033 2014 reddunt

120 2071 324 2149 auferuntque
347 2093 382 2128 ac
405 2079 472 2129 tum
491 2071 625 2141 demum,
641 2091 710 2128 cum
731 2071 867 2128 medium
886 2079 1031 2144 tenuere,

120 2207 182 2243 non
197 2186 389 2244 contrahunt.
434 2185 561 2243 Constat
586 2205 695 2262 pecora
719 2186 829 2244 herbas
854 2194 959 2244 secuta
986 2193 1031 2245 sic

120 2306 152 2358 in
180 2301 293 2358 insulas
321 2300 387 2358 illas
415 2309 451 2358 ut
478 2305 510 2357 in
538 2309 707 2359 extremam
735 2305 831 2378 ripam
859 2299 1030 2377 procedere

120 2417 217 2474 solere
232 2436 289 2473 nec
303 2419 385 2492 prius
399 2416 580 2493 intellegere
595 2417 707 2474 mobile
721 2416 829 2488 solum,
840 2436 930 2494 quam
945 2417 1030 2476 litori

119 2529 247 2606 abrepta
261 2534 345 2608 quasi
360 2530 444 2588 illata
460 2539 492 2588 et
506 2535 647 2608 imposita
661 2531 874 2589 circumfusum
890 2532 1028 2610 undique

121 2646 221 2703 lacum
234 2653 376 2723 paveant,
391 2666 470 2715 mox,
486 2667 546 2723 quo
560 2647 667 2704 tulerit
680 2656 800 2718 ventus,
824 2667 946 2724 egressa
964 2669 1027 2706 non

120 2765 217 2835 magis
232 2780 263 2817 se
283 2759 476 2817 descendisse
499 2765 623 2832 sentire,
638 2782 728 2838 quam
748 2766 899 2820 senserint
921 2784 1027 2822 ascen-

122 2873 210 2930 disse.
256 2872 342 2929 ldem
363 2873 445 2930 lacus
469 2877 501 2930 in
520 2872 632 2932 flumen
651 2880 796 2951 egeritur,
816 2877 907 2953 quod,
926 2880 979 2936 ubi
995 2901 1026 2938 se

122 2986 275 3062 paulisper
296 2988 390 3044 oculis
412 2987 510 3058 dedit,
532 3009 624 3066 specu
646 2995 795 3068 mergitur
816 2992 940 3070 alteque
956 3015 1025 3053 con-

126 3096 181 3171 156
