<?xml version="1.0" encoding="UTF-8"?>
<!DOCTYPE html PUBLIC "-//W3C//DTD XHTML 1.0 Transitional//EN"
    "http://www.w3.org/TR/xhtml1/DTD/xhtml1-transitional.dtd">
<html xmlns="http://www.w3.org/1999/xhtml" xml:lang="en" lang="en">
 <head>
  <title>
</title>
<meta http-equiv="Content-Type" content="text/html;charset=utf-8" />
  <meta name='ocr-system' content='tesseract 3.04.00' />
  <meta name='ocr-capabilities' content='ocr_page ocr_carea ocr_par ocr_line ocrx_word'/>
</head>
<body>
  <div class='ocr_page' id='page_1' title='image "./letters01hutcgoog/letters01hutcgoog_0296.png"; bbox 0 0 2160 3438; ppageno 0'>
   <div class='ocr_carea' id='block_1_1' title="bbox 314 215 852 275">
    <p class='ocr_par' dir='ltr' id='par_1_1' title="bbox 314 215 852 275">
     <span class='ocr_line' id='line_1_1' title="bbox 314 215 852 275; baseline -0.004 -2"><span class='ocrx_word' id='word_1_1' title='bbox 314 216 403 273; x_wconf 89' lang='lat' dir='ltr'>THE</span> <span class='ocrx_word' id='word_1_2' title='bbox 433 215 617 275; x_wconf 88' lang='lat' dir='ltr'>LETTERS</span> <span class='ocrx_word' id='word_1_3' title='bbox 645 216 700 274; x_wconf 87' lang='lat' dir='ltr'>OF</span> <span class='ocrx_word' id='word_1_4' title='bbox 726 216 852 273; x_wconf 92' lang='lat' dir='ltr'>PLINY</span> 
     </span>
    </p>
   </div>
   <div class='ocr_carea' id='block_1_2' title="bbox 131 373 1041 1336">
    <p class='ocr_par' dir='ltr' id='par_1_2' title="bbox 131 373 1041 1336">
     <span class='ocr_line' id='line_1_2' title="bbox 134 373 1036 450; baseline -0.002 -18"><span class='ocrx_word' id='word_1_5' title='bbox 134 376 276 445; x_wconf 90' lang='lat' dir='ltr'>Priscum,</span> <span class='ocrx_word' id='word_1_6' title='bbox 292 381 325 431; x_wconf 89' lang='lat' dir='ltr'>et</span> <span class='ocrx_word' id='word_1_7' title='bbox 338 378 415 449; x_wconf 91' lang='lat' dir='ltr'>petii</span> <span class='ocrx_word' id='word_1_8' title='bbox 430 377 550 431; x_wconf 90' lang='lat' dir='ltr'>veniam</span> <span class='ocrx_word' id='word_1_9' title='bbox 564 373 654 431; x_wconf 92' lang='lat' dir='ltr'>huius</span> <span class='ocrx_word' id='word_1_10' title='bbox 667 377 802 432; x_wconf 89' lang='lat' dir='ltr'>muneris</span> <span class='ocrx_word' id='word_1_11' title='bbox 816 381 849 431; x_wconf 90' lang='lat' dir='ltr'>et</span> <span class='ocrx_word' id='word_1_12' title='bbox 863 377 1036 450; x_wconf 82' lang='lat' dir='ltr'><strong>impetravi.</strong></span> 
     </span>
     <span class='ocr_line' id='line_1_3' title="bbox 132 472 1039 550; baseline -0.002 -18"><span class='ocrx_word' id='word_1_13' title='bbox 132 473 203 544; x_wconf 89' lang='lat' dir='ltr'>Sed,</span> <span class='ocrx_word' id='word_1_14' title='bbox 219 493 287 530; x_wconf 92' lang='lat' dir='ltr'>cum</span> <span class='ocrx_word' id='word_1_15' title='bbox 301 481 407 549; x_wconf 86' lang='lat' dir='ltr'>postea</span> <span class='ocrx_word' id='word_1_16' title='bbox 422 472 525 530; x_wconf 89' lang='lat' dir='ltr'>consul</span> <span class='ocrx_word' id='word_1_17' title='bbox 546 472 724 549; x_wconf 88' lang='lat' dir='ltr'>designatus</span> <span class='ocrx_word' id='word_1_18' title='bbox 745 476 924 544; x_wconf 90' lang='lat' dir='ltr'>censuisset,</span> <span class='ocrx_word' id='word_1_19' title='bbox 947 493 1039 550; x_wconf 88' lang='lat' dir='ltr'>agen·</span> 
     </span>
     <span class='ocr_line' id='line_1_4' title="bbox 131 572 1041 649; baseline 0 -19"><span class='ocrx_word' id='word_1_20' title='bbox 131 572 204 630; x_wconf 90' lang='lat' dir='ltr'>dum</span> <span class='ocrx_word' id='word_1_21' title='bbox 228 572 393 642; x_wconf 91' lang='lat' dir='ltr'>nobiscum,</span> <span class='ocrx_word' id='word_1_22' title='bbox 419 591 547 649; x_wconf 91' lang='lat' dir='ltr'>quorum</span> <span class='ocrx_word' id='word_1_23' title='bbox 569 579 635 630; x_wconf 88' lang='lat' dir='ltr'>erat</span> <span class='ocrx_word' id='word_1_24' title='bbox 663 577 817 630; x_wconf 81' lang='lat' dir='ltr'>excusatio</span> <span class='ocrx_word' id='word_1_25' title='bbox 844 581 983 649; x_wconf 86' lang='lat' dir='ltr'>recepta,</span> <span class='ocrx_word' id='word_1_26' title='bbox 1007 581 1041 630; x_wconf 87' lang='lat' dir='ltr'>ut</span> 
     </span>
     <span class='ocr_line' id='line_1_5' title="bbox 132 675 1041 748; baseline 0.001 -20"><span class='ocrx_word' id='word_1_27' title='bbox 132 690 265 728; x_wconf 84' lang='lat' dir='ltr'>essemus</span> <span class='ocrx_word' id='word_1_28' title='bbox 288 675 320 727; x_wconf 92' lang='lat' dir='ltr'>in</span> <span class='ocrx_word' id='word_1_29' title='bbox 341 678 464 728; x_wconf 88' lang='lat' dir='ltr'>senatus</span> <span class='ocrx_word' id='word_1_30' title='bbox 485 679 638 746; x_wconf 77' lang='lat' dir='ltr'>potestate</span> <span class='ocrx_word' id='word_1_31' title='bbox 659 679 893 748; x_wconf 86' lang='lat' dir='ltr'>pateremurque</span> <span class='ocrx_word' id='word_1_32' title='bbox 915 677 1041 729; x_wconf 85' lang='lat' dir='ltr'>nomina</span> 
     </span>
     <span class='ocr_line' id='line_1_6' title="bbox 132 773 1041 840; baseline 0.003 -15"><span class='ocrx_word' id='word_1_33' title='bbox 132 778 234 827; x_wconf 89' lang='lat' dir='ltr'>nostra</span> <span class='ocrx_word' id='word_1_34' title='bbox 270 773 303 826; x_wconf 92' lang='lat' dir='ltr'>in</span> <span class='ocrx_word' id='word_1_35' title='bbox 337 789 445 826; x_wconf 89' lang='lat' dir='ltr'>urnam</span> <span class='ocrx_word' id='word_1_36' title='bbox 479 773 585 840; x_wconf 89' lang='lat' dir='ltr'>conici,</span> <span class='ocrx_word' id='word_1_37' title='bbox 614 775 937 828; x_wconf 89' lang='lat' dir='ltr'>convenientissimum</span> <span class='ocrx_word' id='word_1_38' title='bbox 974 792 1041 830; x_wconf 89' lang='lat' dir='ltr'>esse</span> 
     </span>
     <span class='ocr_line' id='line_1_7' title="bbox 132 866 1041 945; baseline 0 -19"><span class='ocrx_word' id='word_1_39' title='bbox 132 866 344 943; x_wconf 80' lang='lat' dir='ltr'>tranquillitati</span> <span class='ocrx_word' id='word_1_40' title='bbox 386 867 498 925; x_wconf 87' lang='lat' dir='ltr'>saeculi</span> <span class='ocrx_word' id='word_1_41' title='bbox 536 872 583 925; x_wconf 92' lang='lat' dir='ltr'>tui</span> <span class='ocrx_word' id='word_1_42' title='bbox 620 872 724 945; x_wconf 86' lang='lat' dir='ltr'>putavi</span> <span class='ocrx_word' id='word_1_43' title='bbox 759 871 940 944; x_wconf 87' lang='lat' dir='ltr'>praesertim</span> <span class='ocrx_word' id='word_1_44' title='bbox 976 878 1041 926; x_wconf 90' lang='lat' dir='ltr'>tam</span> 
     </span>
     <span class='ocr_line' id='line_1_8' title="bbox 132 965 1040 1044; baseline 0.003 -22"><span class='ocrx_word' id='word_1_45' title='bbox 132 965 306 1022; x_wconf 78' lang='lat' dir='ltr'>moderatae</span> <span class='ocrx_word' id='word_1_46' title='bbox 331 966 481 1023; x_wconf 88' lang='lat' dir='ltr'>voluntati</span> <span class='ocrx_word' id='word_1_47' title='bbox 505 966 679 1042; x_wconf 89' lang='lat' dir='ltr'>amplissimi</span> <span class='ocrx_word' id='word_1_48' title='bbox 705 967 818 1024; x_wconf 90' lang='lat' dir='ltr'>ordinis</span> <span class='ocrx_word' id='word_1_49' title='bbox 841 986 903 1023; x_wconf 90' lang='lat' dir='ltr'>non</span> <span class='ocrx_word' id='word_1_50' title='bbox 927 987 1040 1044; x_wconf 88' lang='lat' dir='ltr'>repug-</span> 
     </span>
     <span class='ocr_line' id='line_1_9' title="bbox 132 1063 1041 1140; baseline 0.003 -20"><span class='ocrx_word' id='word_1_51' title='bbox 132 1083 213 1120; x_wconf 90' lang='lat' dir='ltr'>nare.</span> <span class='ocrx_word' id='word_1_52' title='bbox 257 1063 312 1119; x_wconf 91' lang='lat' dir='ltr'>Cui</span> <span class='ocrx_word' id='word_1_53' title='bbox 327 1064 472 1140; x_wconf 89' lang='lat' dir='ltr'>obsequio</span> <span class='ocrx_word' id='word_1_54' title='bbox 486 1083 555 1121; x_wconf 89' lang='lat' dir='ltr'>meo</span> <span class='ocrx_word' id='word_1_55' title='bbox 570 1071 643 1140; x_wconf 93' lang='lat' dir='ltr'>opto</span> <span class='ocrx_word' id='word_1_56' title='bbox 664 1071 699 1122; x_wconf 92' lang='lat' dir='ltr'>ut</span> <span class='ocrx_word' id='word_1_57' title='bbox 721 1068 874 1122; x_wconf 89' lang='lat' dir='ltr'>existimes</span> <span class='ocrx_word' id='word_1_58' title='bbox 897 1073 1041 1124; x_wconf 87' lang='lat' dir='ltr'>constare</span> 
     </span>
     <span class='ocr_line' id='line_1_10' title="bbox 132 1161 1040 1240; baseline 0.003 -22"><span class='ocrx_word' id='word_1_59' title='bbox 132 1166 291 1232; x_wconf 88' lang='lat' dir='ltr'>rationem,</span> <span class='ocrx_word' id='word_1_60' title='bbox 315 1181 384 1219; x_wconf 90' lang='lat' dir='ltr'>cum</span> <span class='ocrx_word' id='word_1_61' title='bbox 406 1166 508 1218; x_wconf 90' lang='lat' dir='ltr'>omnia</span> <span class='ocrx_word' id='word_1_62' title='bbox 536 1161 616 1220; x_wconf 87' lang='lat' dir='ltr'>facta</span> <span class='ocrx_word' id='word_1_63' title='bbox 643 1163 786 1240; x_wconf 88' lang='lat' dir='ltr'>dictaque</span> <span class='ocrx_word' id='word_1_64' title='bbox 814 1183 882 1220; x_wconf 87' lang='lat' dir='ltr'>mea</span> <span class='ocrx_word' id='word_1_65' title='bbox 910 1165 1040 1240; x_wconf 86' lang='lat' dir='ltr'>probare</span> 
     </span>
     <span class='ocr_line' id='line_1_11' title="bbox 132 1260 689 1336; baseline 0.004 -20"><span class='ocrx_word' id='word_1_66' title='bbox 132 1263 326 1318; x_wconf 84' lang='lat' dir='ltr'>sanctissimis</span> <span class='ocrx_word' id='word_1_67' title='bbox 339 1260 472 1317; x_wconf 92' lang='lat' dir='ltr'>moribus</span> <span class='ocrx_word' id='word_1_68' title='bbox 486 1264 547 1318; x_wconf 91' lang='lat' dir='ltr'>tuis</span> <span class='ocrx_word' id='word_1_69' title='bbox 561 1264 689 1336; x_wconf 87' lang='lat' dir='ltr'>cupiam.</span> 
     </span>
    </p>
   </div>
   <div class='ocr_carea' id='block_1_3' title="bbox 442 1529 725 1718">
    <p class='ocr_par' dir='ltr' id='par_1_3' title="bbox 442 1529 725 1718">
     <span class='ocr_line' id='line_1_12' title="bbox 546 1529 622 1586; baseline 0 0"><span class='ocrx_word' id='word_1_70' title='bbox 546 1529 594 1586; x_wconf 91' lang='lat'>111</span> <span class='ocrx_word' id='word_1_71' title='bbox 605 1549 622 1586; x_wconf 87' lang='lat' dir='ltr'>s</span> 
     </span>
     <span class='ocr_line' id='line_1_13' title="bbox 442 1659 725 1718; baseline 0 -2"><span class='ocrx_word' id='word_1_72' title='bbox 442 1659 596 1718; x_wconf 71' lang='lat' dir='ltr'>Tauranus</span> <span class='ocrx_word' id='word_1_73' title='bbox 621 1660 725 1717; x_wconf 78' lang='lat' dir='ltr'>Ptuuo</span> 
     </span>
    </p>
   </div>
   <div class='ocr_carea' id='block_1_4' title="bbox 132 1793 1039 2162">
    <p class='ocr_par' dir='ltr' id='par_1_4' title="bbox 132 1793 1039 2162">
     <span class='ocr_line' id='line_1_14' title="bbox 174 1793 1038 1870; baseline 0.005 -21"><span class='ocrx_word' id='word_1_74' title='bbox 174 1793 220 1849; x_wconf 82' lang='lat' dir='ltr'>Er</span> <span class='ocrx_word' id='word_1_75' title='bbox 234 1796 306 1850; x_wconf 91' lang='lat' dir='ltr'>civis</span> <span class='ocrx_word' id='word_1_76' title='bbox 321 1801 354 1850; x_wconf 89' lang='lat' dir='ltr'>et</span> <span class='ocrx_word' id='word_1_77' title='bbox 368 1797 515 1850; x_wconf 89' lang='lat' dir='ltr'>senatoris</span> <span class='ocrx_word' id='word_1_78' title='bbox 530 1794 601 1850; x_wconf 92' lang='lat' dir='ltr'>boni</span> <span class='ocrx_word' id='word_1_79' title='bbox 615 1793 752 1870; x_wconf 81' lang='lat' dir='ltr'>partibus</span> <span class='ocrx_word' id='word_1_80' title='bbox 767 1793 891 1851; x_wconf 89' lang='lat' dir='ltr'>functus</span> <span class='ocrx_word' id='word_1_81' title='bbox 907 1814 941 1852; x_wconf 90' lang='lat' dir='ltr'>es</span> <span class='ocrx_word' id='word_1_82' title='bbox 955 1796 1038 1853; x_wconf 91' lang='lat' dir='ltr'>obse·</span> 
     </span>
     <span class='ocr_line' id='line_1_15' title="bbox 132 1889 1039 1968; baseline 0.003 -20"><span class='ocrx_word' id='word_1_83' title='bbox 132 1895 237 1968; x_wconf 93' lang='lat' dir='ltr'>quium</span> <span class='ocrx_word' id='word_1_84' title='bbox 252 1889 427 1966; x_wconf 84' lang='lat' dir='ltr'>amplissimi</span> <span class='ocrx_word' id='word_1_85' title='bbox 447 1892 570 1966; x_wconf 87' lang='lat' dir='ltr'>ordinis,</span> <span class='ocrx_word' id='word_1_86' title='bbox 592 1891 673 1968; x_wconf 94' lang='lat' dir='ltr'>quod</span> <span class='ocrx_word' id='word_1_87' title='bbox 699 1895 861 1950; x_wconf 91' lang='lat' dir='ltr'>iustissime</span> <span class='ocrx_word' id='word_1_88' title='bbox 884 1894 1039 1968; x_wconf 86' lang='lat' dir='ltr'>exigebat,</span> 
     </span>
     <span class='ocr_line' id='line_1_16' title="bbox 132 1988 1038 2066; baseline 0.004 -22"><span class='ocrx_word' id='word_1_89' title='bbox 132 1988 322 2066; x_wconf 88' lang='lat' dir='ltr'>praestando.</span> <span class='ocrx_word' id='word_1_90' title='bbox 366 1988 448 2059; x_wconf 82' lang='lat' dir='ltr'>Quas</span> <span class='ocrx_word' id='word_1_91' title='bbox 469 1997 571 2066; x_wconf 89' lang='lat' dir='ltr'>partes</span> <span class='ocrx_word' id='word_1_92' title='bbox 593 1988 791 2066; x_wconf 89' lang='lat' dir='ltr'>impleturum</span> <span class='ocrx_word' id='word_1_93' title='bbox 814 1998 847 2048; x_wconf 90' lang='lat' dir='ltr'>te</span> <span class='ocrx_word' id='word_1_94' title='bbox 868 1991 1038 2049; x_wconf 89' lang='lat' dir='ltr'>secundum</span> 
     </span>
     <span class='ocr_line' id='line_1_17' title="bbox 132 2086 548 2162; baseline 0.002 -18"><span class='ocrx_word' id='word_1_95' title='bbox 132 2094 304 2162; x_wconf 84' lang='lat' dir='ltr'>susceptam</span> <span class='ocrx_word' id='word_1_96' title='bbox 317 2086 408 2144; x_wconf 89' lang='lat' dir='ltr'>fidem</span> <span class='ocrx_word' id='word_1_97' title='bbox 423 2086 548 2145; x_wconf 89' lang='lat' dir='ltr'>confido.</span> 
     </span>
    </p>
   </div>
   <div class='ocr_carea' id='block_1_5' title="bbox 315 2305 858 2495">
    <p class='ocr_par' dir='ltr' id='par_1_5' title="bbox 315 2305 858 2495">
     <span class='ocr_line' id='line_1_18' title="bbox 567 2305 610 2362; baseline -0.047 0"><span class='ocrx_word' id='word_1_98' title='bbox 567 2305 610 2362; x_wconf 94' lang='lat' dir='ltr'>IV</span> 
     </span>
     <span class='ocr_line' id='line_1_19' title="bbox 315 2436 858 2495; baseline 0.004 -2"><span class='ocrx_word' id='word_1_99' title='bbox 315 2436 346 2494; x_wconf 90' lang='lat' dir='ltr'>C.</span> <span class='ocrx_word' id='word_1_100' title='bbox 371 2436 491 2494; x_wconf 75' lang='lat' dir='ltr'>Ptuuus</span> <span class='ocrx_word' id='word_1_101' title='bbox 511 2436 650 2495; x_wconf 73' lang='lat' dir='ltr'>Tnnrsuo</span> <span class='ocrx_word' id='word_1_102' title='bbox 672 2440 858 2495; x_wconf 72' lang='lat' dir='ltr'>lurnnrrom</span> 
     </span>
    </p>
   </div>
   <div class='ocr_carea' id='block_1_6' title="bbox 135 2570 1040 2996">
    <p class='ocr_par' dir='ltr' id='par_1_6' title="bbox 135 2570 1040 2996">
     <span class='ocr_line' id='line_1_20' title="bbox 176 2570 1040 2648; baseline 0.002 -22"><span class='ocrx_word' id='word_1_103' title='bbox 176 2570 385 2627; x_wconf 78' lang='lat' dir='ltr'>luuunosurm</span> <span class='ocrx_word' id='word_1_104' title='bbox 407 2578 469 2640; x_wconf 90' lang='lat' dir='ltr'>tua,</span> <span class='ocrx_word' id='word_1_105' title='bbox 484 2575 647 2647; x_wconf 89' lang='lat' dir='ltr'>imperator</span> <span class='ocrx_word' id='word_1_106' title='bbox 668 2575 792 2647; x_wconf 88' lang='lat' dir='ltr'>optime,</span> <span class='ocrx_word' id='word_1_107' title='bbox 815 2591 905 2648; x_wconf 85' lang='lat' dir='ltr'>quam</span> <span class='ocrx_word' id='word_1_108' title='bbox 927 2571 1040 2647; x_wconf 91' lang='lat' dir='ltr'>plenis-</span> 
     </span>
     <span class='ocr_line' id='line_1_21' title="bbox 135 2675 1039 2751; baseline 0.001 -17"><span class='ocrx_word' id='word_1_109' title='bbox 135 2680 241 2734; x_wconf 89' lang='lat' dir='ltr'>simam</span> <span class='ocrx_word' id='word_1_110' title='bbox 265 2679 413 2751; x_wconf 88' lang='lat' dir='ltr'>experior,</span> <span class='ocrx_word' id='word_1_111' title='bbox 439 2675 576 2733; x_wconf 86' lang='lat' dir='ltr'>hortatur</span> <span class='ocrx_word' id='word_1_112' title='bbox 595 2696 654 2746; x_wconf 90' lang='lat' dir='ltr'>me,</span> <span class='ocrx_word' id='word_1_113' title='bbox 669 2684 704 2734; x_wconf 91' lang='lat' dir='ltr'>ut</span> <span class='ocrx_word' id='word_1_114' title='bbox 717 2676 845 2733; x_wconf 87' lang='lat' dir='ltr'>audeam</span> <span class='ocrx_word' id='word_1_115' title='bbox 868 2677 925 2733; x_wconf 94' lang='lat' dir='ltr'>tibi</span> <span class='ocrx_word' id='word_1_116' title='bbox 946 2681 1039 2734; x_wconf 88' lang='lat' dir='ltr'>etiam</span> 
     </span>
     <span class='ocr_line' id='line_1_22' title="bbox 135 2780 1038 2859; baseline 0.004 -22"><span class='ocrx_word' id='word_1_117' title='bbox 135 2801 190 2857; x_wconf 88' lang='lat' dir='ltr'>pro</span> <span class='ocrx_word' id='word_1_118' title='bbox 214 2785 317 2838; x_wconf 88' lang='lat' dir='ltr'>amicis</span> <span class='ocrx_word' id='word_1_119' title='bbox 340 2780 485 2857; x_wconf 87' lang='lat' dir='ltr'>obligari;</span> <span class='ocrx_word' id='word_1_120' title='bbox 506 2786 586 2838; x_wconf 93' lang='lat' dir='ltr'>inter</span> <span class='ocrx_word' id='word_1_121' title='bbox 601 2801 675 2859; x_wconf 90' lang='lat' dir='ltr'>quos</span> <span class='ocrx_word' id='word_1_122' title='bbox 696 2782 753 2840; x_wconf 92' lang='lat' dir='ltr'>sibi</span> <span class='ocrx_word' id='word_1_123' title='bbox 775 2781 825 2839; x_wconf 89' lang='lat' dir='ltr'>vel</span> <span class='ocrx_word' id='word_1_124' title='bbox 843 2786 1038 2858; x_wconf 84' lang='lat' dir='ltr'>praecipuum</span> 
     </span>
     <span class='ocr_line' id='line_1_23' title="bbox 169 2930 1037 2996; baseline 0.003 -17"><span class='ocrx_word' id='word_1_125' title='bbox 169 2940 181 2962; x_wconf 74' lang='lat'><em>⁰</em></span> <span class='ocrx_word' id='word_1_126' title='bbox 199 2930 286 2980; x_wconf 89' lang='lat' dir='ltr'>When</span> <span class='ocrx_word' id='word_1_127' title='bbox 306 2931 465 2994; x_wconf 82' lang='lat' dir='ltr'>provincials</span> <span class='ocrx_word' id='word_1_128' title='bbox 485 2931 582 2995; x_wconf 83' lang='lat' dir='ltr'>sought</span> <span class='ocrx_word' id='word_1_129' title='bbox 601 2936 630 2980; x_wconf 90' lang='lat' dir='ltr'>to</span> <span class='ocrx_word' id='word_1_130' title='bbox 649 2936 788 2996; x_wconf 85' lang='lat' dir='ltr'>prosecute</span> <span class='ocrx_word' id='word_1_131' title='bbox 809 2948 826 2980; x_wconf 89' lang='lat' dir='ltr'>a</span> <span class='ocrx_word' id='word_1_132' title='bbox 848 2947 986 2996; x_wconf 84' lang='lat' dir='ltr'>governor,</span> <span class='ocrx_word' id='word_1_133' title='bbox 1006 2951 1037 2982; x_wconf 84' lang='lat' dir='ltr'>sn</span> 
     </span>
    </p>
   </div>
   <div class='ocr_carea' id='block_1_7' title="bbox 136 2995 1039 3126">
    <p class='ocr_par' dir='ltr' id='par_1_7' title="bbox 136 2995 1039 3126">
     <span class='ocr_line' id='line_1_24' title="bbox 136 2995 1039 3062; baseline 0.006 -18"><span class='ocrx_word' id='word_1_134' title='bbox 136 2995 264 3046; x_wconf 86' lang='lat' dir='ltr'>advocata</span> <span class='ocrx_word' id='word_1_135' title='bbox 276 2996 318 3044; x_wconf 86' lang='lat' dir='ltr'>ior</span> <span class='ocrx_word' id='word_1_136' title='bbox 330 2996 402 3045; x_wconf 84' lang='lat' dir='ltr'>thern</span> <span class='ocrx_word' id='word_1_137' title='bbox 415 3012 467 3045; x_wconf 76' lang='lat' dir='ltr'>wa·</span> <span class='ocrx_word' id='word_1_138' title='bbox 477 2996 623 3060; x_wconf 90' lang='lat' dir='ltr'>ordinarily</span> <span class='ocrx_word' id='word_1_139' title='bbox 635 2997 729 3046; x_wconf 83' lang='lat' dir='ltr'>choaen</span> <span class='ocrx_word' id='word_1_140' title='bbox 741 2997 776 3062; x_wconf 85' lang='lat' dir='ltr'>by</span> <span class='ocrx_word' id='word_1_141' title='bbox 784 2997 832 3056; x_wconf 89' lang='lat' dir='ltr'>lot,</span> <span class='ocrx_word' id='word_1_142' title='bbox 841 3001 889 3046; x_wconf 84' lang='lat' dir='ltr'>out</span> <span class='ocrx_word' id='word_1_143' title='bbox 900 2997 928 3047; x_wconf 82' lang='lat' dir='ltr'>ol</span> <span class='ocrx_word' id='word_1_144' title='bbox 939 3001 1039 3049; x_wconf 70' lang='lat' dir='ltr'>several</span> 
     </span>
     <span class='ocr_line' id='line_1_25' title="bbox 137 3059 1038 3126; baseline 0.008 -18"><span class='ocrx_word' id='word_1_145' title='bbox 137 3060 290 3109; x_wconf 84' lang='lat' dir='ltr'>nominated</span> <span class='ocrx_word' id='word_1_146' title='bbox 303 3059 337 3125; x_wconf 84' lang='lat' dir='ltr'>by</span> <span class='ocrx_word' id='word_1_147' title='bbox 350 3062 395 3110; x_wconf 86' lang='lat' dir='ltr'>the</span> <span class='ocrx_word' id='word_1_148' title='bbox 407 3060 511 3111; x_wconf 82' lang='lat' dir='ltr'>Senate.</span> <span class='ocrx_word' id='word_1_149' title='bbox 548 3061 612 3110; x_wconf 86' lang='lat' dir='ltr'>This</span> <span class='ocrx_word' id='word_1_150' title='bbox 622 3061 691 3111; x_wconf 80' lang='lat' dir='ltr'>form</span> <span class='ocrx_word' id='word_1_151' title='bbox 704 3078 757 3112; x_wconf 82' lang='lat' dir='ltr'>was</span> <span class='ocrx_word' id='word_1_152' title='bbox 769 3062 899 3112; x_wconf 79' lang='lat' dir='ltr'>observad</span> <span class='ocrx_word' id='word_1_153' title='bbox 910 3063 998 3126; x_wconf 81' lang='lat' dir='ltr'>when,</span> <span class='ocrx_word' id='word_1_154' title='bbox 1010 3082 1038 3115; x_wconf 82' lang='lat' dir='ltr'>as</span> 
     </span>
    </p>
   </div>
   <div class='ocr_carea' id='block_1_8' title="bbox 140 3155 197 3225">
    <p class='ocr_par' dir='ltr' id='par_1_8' title="bbox 140 3155 197 3225">
     <span class='ocr_line' id='line_1_26' title="bbox 140 3155 197 3225; baseline 0.035 -17"><span class='ocrx_word' id='word_1_155' title='bbox 140 3155 197 3225; x_wconf 82' lang='lat'>278</span> 
     </span>
    </p>
   </div>
   <div class='ocr_carea' id='block_1_9' title="bbox 0 0 1084 3438">
    <p class='ocr_par' dir='ltr' id='par_1_9' title="bbox 0 0 1084 3438">
     <span class='ocr_line' id='line_1_27' title="bbox 0 0 1084 3438; baseline 0 0"><span class='ocrx_word' id='word_1_156' title='bbox 0 0 1084 3438; x_wconf 95' lang='lat' dir='ltr'> </span> 
     </span>
    </p>
   </div>
  </div>
 </body>
</html>
