2158 3436
315 186 404 243 THE
433 184 616 243 LETTERS
645 184 699 241 OF
729 183 854 240 PLINY

133 349 237 398 tamen
265 341 393 398 dilatum
421 345 516 418 magis
546 340 628 397 istud
663 359 753 416 quam
789 345 947 414 negatum,
971 356 1041 393 cum
1069 307 1070 386 i

134 448 214 505 salva
249 453 296 520 sit,
328 469 365 506 ex
398 470 456 527 qua
487 453 598 524 sperari
635 455 744 524 potest.
797 445 892 503 Simul
929 463 1044 500 excusa

133 560 210 631 patri
236 565 291 615 tuo
313 577 424 626 casum,
450 559 497 612 cui
529 558 659 631 paratior
686 553 767 632 apud
795 551 922 612 feminas
953 556 1046 608 venia
1069 613 1070 644 ἒ

134 670 189 720 est.
234 663 316 721 Vale.

559 871 619 927 XII

346 1032 377 1088 C.
395 1031 516 1088 Panuus
532 1031 699 1088 Minuciano
716 1030 776 1088 Suo
792 1031 821 1088 S.

177 1190 270 1246 Hunc
293 1188 389 1245 solum
413 1187 495 1246 diem
520 1209 637 1245 excuse.
684 1187 874 1246 Recitaturus
896 1197 944 1246 cst
966 1190 1045 1248 Titi-

134 1301 201 1354 nius
216 1296 332 1373 Cupito,
346 1315 437 1372 quem
452 1315 510 1372 ego
523 1296 628 1354 audire
639 1300 742 1353 nescio
756 1301 851 1372 magis
860 1296 992 1355 debeam
1005 1321 1047 1356 an
1069 1331 1070 1350 1

134 1409 262 1481 cupiam.
306 1404 359 1460 Vir
373 1411 420 1460 est
434 1407 566 1479 optimus
589 1411 621 1460 et
645 1408 726 1460 inter
746 1407 907 1480 praecipua
927 1408 1046 1464 saeculi

134 1518 313 1569 ornamenta
328 1509 552 1578 numerandus3
573 1509 645 1566 colit
660 1509 769 1581 studia,
785 1509 933 1569 studiosos
948 1522 1048 1583 amat,

134 1617 227 1688 fovet,
242 1616 392 1694 provehit,
406 1616 641 1693 multorumque,
656 1621 707 1693 qui
722 1616 822 1695 aliqua
842 1630 1049 1695 componunt,

132 1735 247 1803 portuS,
261 1730 352 1796 sinuS,
367 1725 538 1801 gremium,l
551 1729 686 1781 omnium
706 1725 888 1801 exemplum,
909 1729 1046 1802 ipsarum

134 1833 268 1911 denique
295 1832 465 1890 litterarum
496 1835 555 1888 iam
583 1837 808 1890 senescentium
836 1832 979 1891 reductor
1010 1857 1046 1893 ac

136 1940 321 1998 reformator.
387 1939 518 1995 Domum
553 1958 638 1995 suam
672 1941 869 1996 recitantibus
887 1921 1046 2016 *praebet

134 2047 292 2116 auditoria,
319 2064 381 2102 non
416 2044 496 2121 apud
531 2064 563 2101 se
598 2052 718 2102 tantum
747 2045 938 2121 benignitate
966 2053 1046 2104 mira

135 2155 329 2232 frequentat;
349 2153 424 2210 mihi
449 2160 542 2223 certe,
557 2157 581 2210 si
606 2152 696 2208 modo
720 2155 752 2208 in
775 2153 848 2211 urbe
870 2160 927 2224 est,
942 2153 1046 2213 defuit

135 2279 299 2336 nunquam.

178 2366 267 2422 Porro
291 2373 379 2422 tanto
401 2369 520 2441 turpius
544 2370 673 2442 gratiam
695 2385 757 2422 non
782 2366 903 2437 referre,
926 2378 1046 2444 quanto

136 2473 291 2552 honestior
316 2491 404 2529 causa
428 2471 614 2530 referendae.
658 2473 719 2543 An,
742 2477 766 2530 si
788 2473 892 2530 litibus
914 2481 1046 2546 tereret,

136 2580 317 2635 obstrictum
333 2598 398 2635 esse
413 2598 462 2635 me
478 2579 635 2637 crederem
644 2581 769 2637 obeunti
780 2579 950 2637 vadimonia
964 2601 1047 2652 mea,

136 2707 227 2755 nuuc,
250 2690 321 2762 quia
342 2685 417 2742 mibi
440 2706 529 2743 omne
554 2691 721 2763 negotium,
750 2691 847 2744 omnis
874 2691 905 2743 in
933 2689 1047 2746 studiis

136 2811 216 2862 cura,
239 2796 337 2849 minus
360 2792 478 2869 obligor
504 2801 590 2850 tanta
618 2793 781 2851 sedulitate
810 2794 988 2864 celebranti,
1013 2801 1045 2852 in

318 2915 324 2944 ¹
343 2915 472 2979 gremium
484 2915 615 2975 Svhaeser,
629 2917 774 2980 praemium
787 2917 854 2980 curly.

515 3040 527 3062 ⁰
544 3030 669 3081 Fabatus.
