2170 3440
355 230 444 288 THE
474 227 656 286 LETTERS
685 228 740 286 OF
769 224 895 283 PLINY

516 467 517 471 ¹
561 443 696 519 vaur

484 596 638 653 Tauranus
661 594 765 651 Pnuuo

215 729 358 786 meuus
373 728 587 804 Apameorum,
603 747 694 805 quem
709 726 857 803 epistulae
878 733 947 782 tuae
968 728 1063 783 iunxe-

172 831 230 882 ras,
257 814 373 867 remisit
400 809 475 866 mihi
497 812 711 866 necessitatem
733 805 952 884 perpendendi,
974 807 1062 883 qualia

173 900 285 972 essent,
313 899 438 967 propter
465 910 542 968 quae
578 890 673 947 videri
707 889 814 947 volunt
848 908 909 958 eos,
935 893 986 964 qui
1018 907 1060 964 pro

173 973 344 1030 consulibus
366 973 445 1028 hanc
465 976 648 1048 provinciam
669 971 876 1040 obtinuerunt,
897 971 1061 1026 abstinuisse

172 1058 361 1130 inspectione
395 1057 546 1109 rationum
581 1072 711 1121 suarum,
740 1072 818 1124 cum,
846 1051 933 1127 ipsel
961 1059 996 1108 ut
1022 1069 1062 1106 eas

172 1139 346 1211 inspiceres,
382 1154 443 1190 non
485 1138 697 1191 recusaverint,
756 1131 987 1190 Remuneranda
1026 1139 1062 1188 est

172 1221 266 1292 igitur
279 1217 412 1292 probitas
434 1235 548 1286 eorum,
562 1222 598 1272 ut
618 1220 677 1271 iam
698 1235 780 1272 nunc
802 1218 899 1272 sciant
912 1213 980 1284 hoc,
994 1211 1064 1290 quod

172 1303 362 1374 inspecturus
378 1317 419 1368 eS,
435 1317 472 1354 ex
486 1316 554 1354 mea
567 1297 725 1354 voluntate
740 1294 838 1367 salviS,
851 1315 929 1371 quae
950 1294 1065 1360 habent,

172 1378 336 1456 privilegiis
351 1398 416 1436 esse
428 1378 586 1436 facturum.
650 1433 652 1437 ,

569 1585 672 1642 XLIX

347 1717 377 1774 C.
408 1717 529 1774 Puuuus
551 1716 689 1774 Tusuuvo
712 1718 898 1774 lursaaroru

213 1850 302 1906 Auru
336 1851 502 1908 adventum
530 1870 643 1921 meum,
671 1851 804 1920 domine,
837 1849 1070 1920 Nicomedenses

171 1935 263 2009 priori
277 1929 342 2010 foro
356 1952 467 1989 novum
481 1932 600 1989 adicere
622 1939 799 2009 coeperunt,
813 1935 897 1988 cuius
910 1934 944 1986 in
966 1929 1070 2006 angulo

172 2021 220 2070 est
238 2012 329 2070 aedes
343 2017 546 2070 vetustissima
562 2014 668 2070 Matris
685 2013 815 2088 Magnae
837 2020 891 2069 aut
912 2011 1070 2069 reficienda

171 2102 225 2151 aut
238 2093 449 2152 transferenda
474 2095 513 2151 ob
538 2093 594 2150 hoc
619 2098 790 2170 praecipue,
805 2093 886 2170 quod
909 2101 959 2150 est
982 2093 1070 2150 multe

170 2176 341 2252 depressior
355 2195 446 2252 opere
462 2195 507 2245 e0,
522 2175 603 2251 quod
618 2196 687 2232 cum
707 2178 837 2232 maxime
860 2178 968 2250 surgit.
1016 2175 1070 2248 Ege

171 2277 240 2314 cum
260 2276 446 2333 quaererem,
460 2277 533 2313 num
556 2265 636 2314 esset
656 2257 756 2332 aliqua
776 2256 824 2313 lex
847 2255 931 2312 dicta
951 2255 1070 2332 templo

172 2342 299 2414 cognovi
333 2336 425 2394 aliurn
454 2336 512 2408 hic,
540 2337 633 2394 alium
667 2338 748 2414 apud
782 2356 837 2394 nos
865 2356 934 2394 esse
962 2351 1070 2400 morsu

171 2418 377 2476 dedicationis.
422 2419 545 2495 Dispice
560 2438 642 2494 ergo,
656 2419 789 2489 domine,
803 2439 842 2475 an
852 2426 945 2494 putes
959 2419 1070 2476 aedem

171 2504 219 2558 cui
233 2499 317 2556 nulla
330 2499 380 2558 lex
394 2500 476 2557 dicta
490 2500 641 2570 est,'salva
655 2500 801 2575 religione
810 2519 897 2576 posse
908 2500 1070 2558 transferri

171 2582 293 2658 Alioqui
308 2580 582 2639 commodissimum
596 2589 654 2653 est,
667 2585 692 2638 si
706 2581 812 2657 religio
825 2601 888 2638 non
901 2583 1050 2657 impedit.

203 2694 212 2724 ¹
229 2697 286 2759 ipse
303 2701 334 2744 ut
349 2710 393 2744 eas
405 2696 496 2759 inspic.
512 2695 619 2758 Hurdy,
640 2711 699 2744 cum
718 2696 774 2759 ipse
791 2733 797 2745 .
818 2733 824 2746 .
845 2733 851 2745 .
871 2711 926 2744 non
942 2707 1070 2746 recusare

170 2762 221 2810 rim
232 2761 294 2820 Aa,
308 2777 367 2810 oum
380 2761 466 2824 ipsum
478 2766 506 2811 te
518 2766 549 2810 ut
561 2777 604 2810 eas
617 2762 709 2824 inspic.
723 2777 776 2810 non
787 2762 977 2810 recusaverint
990 2779 1018 2813 a.

203 2886 216 2908 ⁰
232 2877 288 2926 The
300 2876 434 2942 Phrygian
446 2877 566 2926 Goddess
577 2877 683 2942 Cybele.

203 2943 213 2973 ⁶
230 2942 286 2990 The
302 2941 441 3005 pontifices
458 2959 492 2991 on
509 2943 692 3008 consecrating
708 2959 724 2992 a
742 2943 840 3008 temple
857 2943 933 2994 drew
951 2961 995 3009 up
1014 2961 1031 2992 a
1047 2943 1070 2988 le

169 3007 339 3056 dedicationis
355 3023 385 3056 or
401 3008 443 3056 lex
459 3009 555 3070 templi,
575 3007 691 3074 defining
713 3010 749 3058 its
765 3009 905 3072 precincts,
927 3011 968 3059 its
989 3010 1070 3074 rights

170 3073 207 3121 its
220 3071 309 3131 ritual,
324 3072 376 3120 and
389 3072 435 3121 the
446 3072 663 3123 administration
675 3074 702 3123 ol
714 3076 750 3123 its
761 3090 896 3124 revenues.
938 3072 1070 3138 (Hardyl

174 3167 233 3239 338
