2160 3438
334 197 422 253 THE
451 194 634 253 LETTERS
663 195 718 252 OF
748 193 873 250 PLINY

154 355 201 413 lta
224 358 311 412 variis
336 355 523 412 sermonibus
546 373 671 430 vespera
695 352 881 423 extenditur,
897 361 933 410 et
958 373 1060 430 quam—

114 527 117 533 .
152 494 243 551 quam
256 474 448 551 longissimus
463 472 528 530 dies
541 477 602 530 cito
617 473 765 530 conditur.

195 593 264 650 Non
291 613 456 670 numquam
485 613 523 650 ex
550 592 608 650 hoc
636 591 742 650 ordine
765 592 865 669 aliqua
890 599 1068 649 mutantur.

154 711 242 783 Nam,
257 717 281 770 si
295 712 348 769 diu
361 716 439 770 iacui
453 712 501 769 vel
516 711 675 782 ambulavi,
690 719 759 788 post
780 729 919 769 somnum
936 710 1070 769 demum

152 832 376 908 lectionemque
397 852 460 889 non
481 831 628 901 vehiculO,
649 830 712 901 sed,
734 829 815 907 quod
836 830 971 900 breviuS,
997 836 1068 908 quia

154 951 294 1020 velocius
306 971 384 1028 equo
398 958 508 1027 gestor.
533 950 747 1007 Interveniunt
760 951 848 1005 amici
862 967 900 1005 ex
914 954 1065 1023 proximis

154 1071 272 1147 oppidis
293 1078 471 1147 partemque
492 1069 554 1127 diei
575 1070 612 1126 ad
642 1089 674 1127 se
694 1068 822 1126 trahunt
842 1069 1066 1148 interdumque

154 1188 264 1246 lassato
289 1189 364 1245 mihi
392 1197 562 1265 opportuna
588 1187 834 1264 interpellatione
862 1187 1068 1247 subveniunt.

155 1309 257 1367 Venor
287 1309 458 1386 aliquando,
487 1308 541 1366 sed
575 1328 637 1365 non
672 1311 736 1364 sine
770 1305 984 1382 pugillaribus,
1028 1319 1068 1380 ut,

155 1432 289 1506 quamvis
304 1427 380 1485 nihil
402 1432 543 1504 ceperim,
558 1447 620 1484 non
634 1426 710 1483 nihil
731 1425 867 1484 referam.
912 1424 1026 1486 Datur
1041 1434 1073 1487 eu

155 1549 277 1618 coloniS,
296 1556 331 1605 ut
352 1547 471 1604 videtur
491 1550 572 1623 ipsis,
587 1566 649 1603 non
670 1549 742 1604 satis
762 1547 917 1622 temporis,
932 1565 1069 1624 quorum

154 1666 228 1723 mihi
243 1674 379 1742 agrestes
393 1665 535 1743 querelae
549 1664 666 1723 litteras
680 1673 797 1722 nostras
809 1671 841 1721 et
855 1663 932 1720 haec
948 1668 1069 1724 urbana

155 1807 246 1864 opera
260 1786 482 1845 commendant.
527 1786 609 1844 Vale.

530 2078 678 2135 XXXVII

377 2223 408 2282 C.
435 2223 553 2280 Parmos
576 2222 708 2280 Panemo
730 2223 791 2282 Suo
813 2222 842 2280 S.

199 2369 263 2442 Nnc
285 2376 356 2425 tuae
379 2375 505 2424 naturae
530 2375 577 2424 est
599 2367 784 2424 translaticia
812 2366 887 2423 haec
915 2376 951 2424 et
981 2377 1069 2447 quasi

156 2473 277 2552 publica
297 2474 392 2531 officia
411 2495 429 2530 a
450 2472 645 2531 familiaribus
665 2477 768 2530 amicis
795 2480 901 2530 contra
928 2477 1070 2550 ipsorum

157 2580 348 2638 commodum
363 2584 495 2657 exigere,
511 2588 545 2638 et
558 2600 616 2657 ego
629 2588 662 2638 te
677 2585 864 2638 constantius
876 2600 957 2651 amo,
972 2602 1069 2658 quam

158 2696 192 2745 ut
220 2707 333 2757 verear,
361 2707 401 2744 ne
435 2686 534 2756 aliter,
569 2705 604 2742 ae
638 2686 740 2757 velim,
768 2691 908 2762 accipias,
936 2691 996 2744 nisi
1037 2699 1068 2746 te

160 2792 305 2850 Kalendis
327 2797 429 2850 statim
452 2792 607 2850 consulem
632 2792 754 2859 vider0;
785 2796 965 2867 praesertim
994 2815 1065 2851 cum

158 2916 208 2953 me
237 2901 400 2953 necessitas
431 2896 626 2954 locandorum
655 2897 846 2973 praediorum
875 2897 929 2954 in1
960 2899 1064 2976 plures

484 3032 492 3062 ¹
510 3034 538 3082 in
550 3035 613 3086 adu.
628 3035 733 3085 Muller.

163 3125 217 3182 262
