2162 3438
323 171 413 228 THE
441 169 624 227 LETTERS
654 169 709 228 OF
736 168 861 226 PLINY

140 351 322 408 quamquam
337 333 369 387 in
382 330 508 388 adversa
521 329 697 387 valetudine
712 328 788 385 nihil
803 331 880 386 servi
901 347 937 384 ac
958 328 1050 384 liberi

141 438 290 508 differant,
332 431 462 495 mollius¹
492 445 596 494 tamen
647 436 757 494 liberos
803 435 1051 511 clementiusque

141 549 271 602 tractari.
985 613 986 618 ἵ

183 652 360 722 Recordare,
389 651 461 728 quid
489 669 626 727 quaeque
656 653 759 707 civitas
787 648 889 719 fuerit,
917 669 982 705 non
1016 656 1069 716 uti

140 758 296 834 despicias
311 758 392 835 quod
402 777 467 815 esse
476 757 618 826 desierit3
639 759 718 815 absit
728 758 877 832 superbia,
886 759 1050 832 asperitas.
1068 765 1069 772 ’

140 865 207 923 Nec
240 869 377 923 timueris
405 872 623 940 contemptum.
669 863 718 920 An
746 866 962 933 contemuitur,
995 867 1051 940 qui

139 975 308 1047 imperium,
324 975 376 1048 qui
397 971 492 1028 fasces
513 970 616 1040 habet,
631 949 690 1028 nisi
710 969 832 1028 humilis
847 977 879 1027 et
894 969 1050 1038 sordidus

140 1083 246 1155 etqui
271 1098 303 1136 se
328 1083 441 1154 primus
464 1082 527 1154 ipse
553 1079 743 1135 contemnit?
766 1076 848 1134 Male
873 1080 934 1133 vim
958 1053 1069 1134 suam*

139 1193 273 1262 potestas
288 1185 414 1242 aliorum
435 1184 626 1242 contumeliis
647 1186 811 1259 experitur,
826 1182 905 1240 male
926 1192 1051 1241 terrore

139 1296 294 1350 veneratio
321 1291 498 1368 adquiritur,
530 1291 682 1367 longeque
711 1289 859 1348 valentior
885 1309 971 1346 amor
1011 1290 1051 1347 ad

139 1398 349 1468 obtinendum,
376 1397 459 1475 quod
481 1396 564 1468 velis,
588 1417 678 1474 quam
702 1400 800 1454 timor.
845 1396 923 1452 Nam
952 1400 1069 1458 timor¹

138 1507 213 1576 abit,
235 1510 259 1563 si
283 1506 416 1576 recedas,
431 1512 536 1562 manet
550 1524 650 1561 amor:
671 1524 706 1560 ac
720 1507 798 1560 sicut
812 1502 863 1560 iile
885 1506 916 1559 in
939 1502 1049 1560 odium
1068 1481 1069 1488 ἵ

139 1611 188 1668 hic
203 1615 449 1670 inreverentiam
463 1615 599 1669 vertitur.

178 1718 222 1775 Te
237 1738 308 1776 vero
323 1723 415 1776 etiam
436 1726 528 1795 atque
544 1721 636 1774 etiam
653 1720 802 1794 (repetam
824 1717 917 1792 enim)
934 1722 1048 1774 memi-

137 1830 217 1882 nisse
232 1833 353 1901 oportet
372 1825 460 1881 officii
481 1828 527 1881 tui
541 1823 666 1881 titulum
680 1843 715 1880 ac
735 1824 791 1880 tibi
810 1827 867 1899 ipsi
888 1827 1046 1900 interpre-

137 1937 204 2001 tari,
219 1932 307 2010 quale
322 1940 529 2010 quantumque
544 1936 584 1989 sit
597 1931 736 1988 ordinare
751 1938 864 1988 statum
878 1929 1046 1990 liberarum

137 2044 301 2096 civitatum.
345 2039 426 2096 Nam
466 2039 538 2116 quid
570 2038 760 2095 ordinatione
803 2037 926 2108 civiliuS,
967 2041 1045 2117 quid

136 2147 278 2204 libertate
293 2149 477 2223 pretiosius?
519 2146 610 2203 Porro
624 2166 714 2223 quam
736 2154 835 2222 turpe,
851 2150 875 2204 si
889 2146 1046 2206 ordinatio

137 2258 302 2324 eversione,
317 2254 441 2312 libertas
455 2258 602 2311 servitute
617 2246 772 2330 mutetur!

103 2360 111 2384 ⁶
178 2362 316 2432 Accedit,
330 2362 412 2439 quod
421 2363 477 2420 tibi
492 2370 646 2419 certamen
658 2369 705 2420 est
719 2369 829 2420 tecum.
874 2361 997 2422 Onerat
1013 2374 1045 2422 te

136 2468 316 2537 quaesturae
338 2468 410 2518 tuae
438 2460 527 2531 fama,
552 2481 643 2538 quam
666 2481 704 2518 ex
726 2461 870 2539 Bithynia
892 2466 1044 2538 optimam

136 2562 288 2628 revexisti,
303 2567 410 2616 onerat
431 2563 640 2616 testimonium
654 2563 806 2635 principis,
822 2567 928 2617 onerat
941 2563 1041 2620 tribu-

136 2665 234 2727 natuS,
246 2665 387 2732 praetura
395 2664 487 2733 atque
498 2656 573 2714 haec
583 2661 647 2732 ipsa
655 2656 768 2733 legatio
776 2661 860 2734 quasi
869 2664 1042 2735 praemium

136 2754 214 2811 dato.
251 2753 320 2826 Quo
348 2759 444 2831 magis
472 2755 633 2812 nitendum
660 2764 717 2826 est,
746 2775 785 2813 ne
813 2760 845 2812 in
872 2755 1043 2836 longinqua

136 2856 289 2926 provincia
303 2873 393 2928 quam
408 2853 587 2923 suburbana,
609 2873 649 2910 ne
668 2858 750 2910 inter
763 2857 931 2912 servientes
946 2877 1040 2933 quani

314 3031 327 3054 ‘¹
344 3023 385 3072 ie.
400 3023 427 3072 oi
438 3023 506 3073 local
517 3025 604 3094 rights
615 3025 667 3074 und
680 3026 857 3080 institutione.
908 3022 912 3031 '

141 3130 197 3192 170
