2160 3438
331 217 420 276 THE
451 215 633 277 LETTERS
662 219 717 277 OF
747 219 874 277 PLINY

149 396 259 454 meque
287 377 488 435 haesitatione
517 377 635 435 liberes.
679 377 793 435 Vereor
826 383 920 449 enim,
954 399 997 436 ne
1028 384 1053 435 ia

148 476 326 533 alterutram
341 482 460 552 partem
473 479 644 553 ignorantia
665 475 766 554 lapsus
787 484 841 535 aut
862 476 971 534 illicita
994 497 1054 535 con-

150 575 265 633 firmem
279 584 333 636 aut
346 580 515 634 necessaria
528 575 700 652 impediam.

555 809 655 867 XLVI

462 942 616 1000 Tauranus
639 941 742 998 Pramo

191 1074 380 1146 Duronum,
401 1094 529 1152 quorum
556 1077 739 1150 praeteritus
767 1081 815 1132 est
842 1074 918 1146 dies,
944 1080 979 1132 in
1005 1096 1051 1134 usu

150 1188 292 1226 essenon
313 1168 429 1226 debent
442 1188 449 1237 ;
463 1168 532 1225 ideo
554 1171 635 1226 inter
656 1172 753 1244 prima
773 1172 899 1245 iniungo
921 1169 1010 1239 mihi,
1024 1179 1052 1227 ut

150 1283 205 1340 per
225 1283 330 1321 omnes
351 1266 517 1339 provincias
540 1269 612 1319 ante
637 1266 758 1319 mittam
779 1282 857 1319 nova
879 1262 1053 1338 diplomata,

150 1376 241 1432 quam
255 1356 420 1414 desiderari
435 1359 570 1433 possint·

543 1546 661 1604 XLVII

323 1680 354 1737 C.
379 1679 499 1737 Pariuus
519 1681 657 1738 Tnarauo
686 1680 873 1737 Iucunaronr

192 1811 260 1868 Cuu
290 1810 399 1868 vellem
427 1811 593 1888 Apameae,
614 1811 747 1882 domine,
771 1830 956 1888 cognoscere
985 1813 1052 1888 pub

150 1900 223 1958 licos
248 1900 401 1958 debitores
423 1909 456 1958 et
477 1901 610 1959 reditum
635 1909 668 1959 et
690 1901 854 1978 Impendia,
877 1921 1050 1978 responsum

151 1999 199 2048 est
212 1991 287 2047 mihi
302 2011 413 2068 cupere
427 1990 551 2069 quidem
573 1995 737 2062 universos
752 1999 787 2049 ut
811 2011 828 2048 a
849 2011 900 2049 me
923 1996 1051 2050 rationes

151 2080 286 2138 coloniae
300 2081 487 2158 legerentur,
502 2101 667 2159 numquam
688 2089 793 2139 tamen
814 2100 879 2139 esse
900 2081 998 2140 lectas
1018 2083 1052 2138 ab

151 2170 214 2229 ullo
233 2172 465 2248 proconsulum
487 2170 626 2229 habuisse
648 2170 839 2248 privilegium
860 2178 893 2228 et
914 2177 1051 2230 vetustis-

151 2266 260 2320 simum
270 2281 385 2320 morem
396 2263 520 2319 arbitrio
528 2281 582 2320 suo
596 2260 821 2337 rempublicam
834 2260 1050 2320 administrare.

151 2352 259 2429 Exegi,
274 2360 317 2423 ut,
332 2372 410 2430 quae
431 2351 584 2423 dicebant,
605 2370 743 2429 quaeque
757 2351 938 2422 recitabant,
953 2351 1052 2409 libello

151 2442 427 2519 complecterentur
439 2462 447 2511 ;
467 2462 559 2520 quem
570 2443 636 2512 tibi,
645 2441 766 2518 qualem
781 2459 969 2517 acceperam,
980 2447 1051 2500 misi.

151 2537 286 2612 quamvis
300 2533 513 2610 intellegerem
527 2533 671 2610 pleraque
694 2551 731 2589 ex
752 2531 805 2588 illo
818 2531 857 2588 ad
878 2531 921 2602 id,
935 2531 977 2589 de
998 2553 1052 2610 quo

151 2627 316 2702 quaeritur,
330 2643 392 2680 non
413 2627 575 2699 pertinere.
619 2621 663 2680 Te
688 2641 771 2698 rogo,
787 2628 821 2678 ut
843 2620 918 2678 mihi
941 2627 1051 2698 praeci-

153 2714 244 2790 pere1
273 2713 417 2790 digneris,
445 2712 519 2790 quid
546 2731 596 2769 me
624 2720 714 2788 putes
742 2712 901 2769 observare
929 2711 1049 2770 debere.

152 2804 266 2860 Vereor
287 2807 378 2874 enim,
403 2822 443 2859 ne
471 2809 524 2859 aut
552 2806 714 2859 excessisse
742 2810 796 2859 aut
823 2821 886 2858 non
913 2803 1050 2879 implesse

152 2891 239 2947 officii
253 2895 314 2948 mei
327 2899 429 2967 partes
444 2890 553 2948 videar.

157 2994 372 3108 Κζιὶῌᾶἶεοίροτε,
390 2996 453 3057 Au,
467 2995 574 3059 Biporra,
590 2997 625 3056 K,
639 2997 741 3057 Maeli„
760 2997 872 3084 praeire,
887 2998 938 3058 Bo,
955 3000 1049 3053 Hor-d..

155 3155 213 3224 33⁶
