2158 3436
338 193 426 250 'rus
455 191 639 251 Latreus
668 192 722 249 or
752 191 878 249 mnu

158 359 232 421 erat,
255 359 365 408 utnon
382 360 507 427 possent
527 371 592 408 esse
614 355 672 408 nisi
693 349 837 426 singulae.
882 347 970 418 Quid
987 351 1060 404 eninr

157 482 317 519 commune
338 462 432 519 habet
453 462 590 519 occidere
606 469 639 518 et
652 461 809 537 relegare?
853 459 924 514 Non
941 457 1066 538 hercule

157 577 253 648 magis
294 593 385 650 quam
419 573 556 648 relegare
593 580 625 629 et
666 571 838 639 absolvere;
880 588 1066 647 quamquam.

157 689 278 760 propior
309 683 463 761 aliquanto
495 692 542 742 est
577 686 749 740 sententiae
781 681 959 757 relegantiS,
989 697 1066 762 quae]

112 850 114 855 .
156 799 294 870 absolvit,
317 820 406 877 quam
431 819 508 877 quae
532 799 643 856 occidit
664 798 806 877 (utraque
832 801 914 853 enim
942 816 982 853 ex
1007 765 1066 853 illisl

156 915 249 967 vitam
274 910 428 988 relinquit,
457 911 532 968 haec
559 908 680 988 adimit)
702 929 771 966 cum
798 911 932 978 interim,
959 915 994 964 et
1014 889 1066 982 quil

156 1029 254 1078 morte
283 1024 460 1098 puniebant,
486 1030 519 1079 et
546 1025 598 1099 qui
619 1020 806 1097 relegabant,
831 1038 892 1076 una
912 987 1066 1075 sedebantl

157 1141 190 1191 et
224 1137 406 1210 temporaria
440 1133 631 1190 simulatione
668 1130 846 1188 concordiae
881 1129 1058 1187 discordiam

156 1245 345 1303 differebant.
390 1244 455 1322 Ego
482 1245 681 1321 postulabam,
711 1251 746 1301 ut
773 1244 868 1300 tribus
900 1245 1066 1299 sententiis

157 1365 309 1415 constaret
337 1377 407 1414 suus
435 1376 588 1427 numeruS,
617 1375 674 1442 nec
703 1374 735 1412 se
764 1354 905 1411 brevibus
933 1352 1066 1430 induciis,

156 1469 235 1526 duae
263 1473 435 1544 iungerent.
479 1467 647 1544 Exigebam
676 1485 758 1543 ergo,
787 1472 831 1535 ut,
860 1467 912 1541 qui
940 1463 1056 1540 capitali

157 1574 303 1651 supplicio
331 1574 503 1632 alliciendos
530 1575 690 1650 putabant,
718 1571 912 1630 discederent
940 1591 958 1627 a
986 1570 1057 1628 rele-

157 1689 259 1758 gante,
282 1701 339 1738 nec
354 1685 477 1738 interim
492 1689 597 1738 contra
616 1677 800 1738 absolventis
814 1697 884 1734 mox
898 1678 1056 1736 dissensuri

156 1797 423 1865 congregarentur,
452 1793 522 1866 quia
556 1787 715 1865 parvulum
743 1786 880 1858 referret,
909 1807 948 1843 an
980 1786 1054 1843 idem

155 1895 340 1972 displiceret,
355 1897 464 1972 quibus
479 1915 544 1952 non·
555 1895 637 1953 idem
651 1894 822 1970 placuisset.
867 1894 947 1951 Illud
968 1893 1066 1952 etiarn

155 2002 230 2059 mihi
243 2005 408 2079 permirum
423 2002 592 2072 videbatur,
614 2021 684 2058 eum
707 2000 841 2078 quidem,
865 2004 917 2077 qui
937 2000 1053 2058 libertos

155 2109 344 2185 relegandos
373 2127 474 2166 servos
502 2107 648 2184 supplicio
672 2107 856 2164 adliciendos
884 2111 1053 2176 censuisset,

155 2223 293 2273 coactum
315 2235 380 2274 esse
402 2214 538 2272 dividere
559 2218 763 2289 sententiam,
785 2213 866 2271 hunc
880 2221 992 2284 autem,
1006 2217 1051 2291 qui
1065 2271 1066 2274 ,

155 2321 280 2379 libertos
307 2329 405 2378 morte
434 2320 588 2391 multaret,
617 2339 686 2377 cum
714 2320 872 2396 relegante
900 2324 1051 2377 numerari.

157 2425 246 2498 Nam,
275 2431 300 2484 si
328 2431 511 2504 oportuisset
538 2426 632 2484 dividi
660 2431 845 2484 sententiam
872 2431 968 2497 unius,
989 2432 1052 2504 quia

156 2555 204 2592 res
224 2534 299 2592 duas
321 2534 608 2611 comprehendebat,
623 2554 685 2590 non
705 2535 902 2610 reperiebam,
917 2553 1004 2611 quem
1017 2534 1051 2591 ad

155 2641 280 2698 modurn
301 2648 404 2716 posset
425 2645 510 2716 iungi
533 2645 686 2698 sententia
707 2641 835 2698 duorum
860 2648 923 2698 tam
944 2641 1050 2699 diversa

155 2751 355 2804 censentium.

188 2917 202 2940 ⁴²
219 2909 304 2958 Those
317 2911 345 2958 in
357 2909 452 2959 favour
469 2910 496 2958 ol
513 2926 528 2958 a
546 2911 645 2960 motion
664 2912 693 2960 in
710 2912 757 2962 the
769 2913 866 2963 Senate
883 2913 997 2978 signified
1008 2915 1047 2964 the

155 2991 227 3023 same
238 2974 274 3038 by
286 2976 398 3039 ranging
409 2975 569 3024 themselves
581 2993 615 3024 on
632 2977 694 3026 that
705 2977 762 3026 side
774 2979 802 3027 ol
813 2978 859 3028 the
871 2979 959 3028 House
970 2981 1046 3028 where

156 3039 202 3088 the
214 3055 340 3104 proposer
351 3056 406 3091 was
418 3040 516 3090 seated.

160 3151 213 3206 132
