2178 3436
346 232 435 290 THE
464 233 647 290 LETTERS
676 233 730 290 OF
760 231 885 288 PLINY

165 399 222 460 est,
237 394 268 445 in
290 389 469 446 defunctum
484 409 604 466 quoque
625 398 780 466 tamquam
794 393 950 446 viventem
972 389 1071 446 adhuc

166 497 276 567 editur,
300 501 324 555 si
353 497 454 554 editur
482 501 593 554 statim.
638 497 745 572 Igitur,
775 500 798 553 si
827 496 899 572 quid
928 495 1015 553 aliud
1045 502 1074 552 in

164 605 312 674 manibus,
340 607 463 660 interim
491 604 595 672 differ3
629 603 687 660 hoc
715 603 835 680 perfice,
864 603 946 680 quod
976 606 1074 672 nobis

165 715 216 786 qui
257 711 396 788 legimuS,
430 711 502 768 olim
536 711 707 768 absolutum
742 711 870 768 videtur.
914 710 978 768 Sed
1016 717 1073 769 iam

166 818 304 875 videatur
332 825 365 875 et
392 820 459 889 tibi,
488 823 571 876 cuius
599 823 825 876 cunctationem
854 839 912 875 nec
934 838 985 876 res
1011 824 1074 895 ipsa

164 924 319 1008 desideret
328 932 360 981 et
374 929 518 1000 temporis
533 929 609 982 ratio
622 925 778 1000 praecidit.
822 925 905 981 Vale.

582 1195 611 1252 ll

395 1354 425 1411 C.
451 1354 571 1410 Primus
593 1353 704 1410 Samno
726 1351 787 1409 Suo
809 1352 838 1410 S.

208 1511 294 1568 Facis
308 1512 449 1581 iucunde,
465 1512 546 1588 quod
568 1532 629 1568 non
650 1512 747 1570 solum
768 1510 911 1586 plurimas
926 1510 1074 1584 epistulas

166 1636 259 1688 meaS,
283 1637 388 1674 verum
414 1621 506 1674 etiam
528 1617 716 1694 longissimas
743 1617 878 1692 flagitas3
902 1619 935 1672 in
964 1619 1075 1693 quibus

166 1728 282 1799 parcior
302 1724 356 1795 fui,
377 1728 488 1800 partim
509 1728 579 1800 quia
607 1733 674 1782 tuas
702 1727 914 1798 occupationes
935 1725 1075 1792 verebar,

166 1835 277 1906 partim
305 1835 375 1907 quia
403 1835 467 1906 ipse
495 1830 625 1887 multum
654 1831 856 1906 distringebar
891 1829 1075 1907 plerumque

166 1936 284 2012 frigidis
312 1940 452 2012 negotiiS,
481 1956 558 2013 quae
587 1937 675 1994 simul
710 1945 743 1994 et
776 1944 918 1993 avocant
937 1942 1075 1994 animum

166 2051 199 2101 et
221 2048 437 2116 comminuunt.
483 2044 643 2101 Praeterea
662 2063 720 2100 nec
740 2047 867 2100 materia
894 2043 983 2118 plura
1005 2051 1076 2101 seri-

168 2150 261 2207 bendi
282 2151 418 2208 dabatur.
463 2149 571 2227 Neque
593 2155 674 2207 enim
692 2151 799 2209 eadem
818 2157 920 2206 nostra
935 2149 1077 2206 condicio

167 2276 244 2333 quae
269 2257 310 2313 M.
329 2256 420 2326 Tulli,
441 2257 479 2313 ad
501 2261 585 2314 cuius
608 2259 781 2333 exemplum
806 2277 860 2313 nos
883 2276 980 2313 vocas
1029 2257 1076 2312 Illi

167 2366 250 2418 enim
278 2370 311 2419 et
346 2367 581 2438 copiosissimum
609 2368 767 2440 ingenium
795 2371 828 2419 et
861 2365 989 2437 ingenio
1018 2383 1077 2440 qua

168 2473 296 2525 varietas
310 2489 411 2526 rerum
425 2489 484 2546 qua
498 2470 677 2545 magnitudo
698 2470 864 2546 largissime
879 2470 1077 2544 suppetebat,

168 2595 222 2632 nos
237 2594 327 2651 quam
341 2580 477 2651 angustis
492 2579 629 2633 terminis
644 2576 827 2646 claudamur,
842 2579 934 2632 etiam
948 2582 1077 2632 tacente

167 2693 217 2730 me
245 2678 399 2750 perspicis,
428 2677 486 2730 nisi
520 2673 599 2731 forte
628 2674 765 2731 volumus
792 2673 988 2730 scholasticas
1021 2676 1077 2731 tibi

168 2779 270 2847 atque,
300 2779 334 2828 ut
362 2775 405 2828 ita
433 2771 540 2841 dicam,
569 2772 751 2828 umbraticas
784 2770 903 2828 litteras
937 2775 1076 2828 mittere.

169 2870 229 2927 Sed
249 2870 326 2926 nihil
346 2874 446 2926 minus
459 2879 565 2945 aptum
579 2871 768 2940 arbitramur,
783 2889 852 2926 cum
866 2887 949 2924 arma
963 2877 1077 2933 vestra,

168 2987 237 3023 cum
262 2975 368 3038 castra,
392 2987 460 3024 cum
490 2968 622 3044 denique
651 2987 771 3037 cornua,
794 2967 892 3036 tubas,
921 2965 1076 3025 sudorem.

167 3063 333 3139 pulverem,
355 3065 432 3122 soles
453 3071 628 3141 cogitamus,
673 3067 788 3136 Habes,
806 3074 841 3123 ut
861 3072 946 3140 put0‚
963 3069 1075 3122 iustam

173 3172 227 3242 178
