2170 3440
346 204 435 260 THE
464 201 648 261 LETTERS
677 199 732 258 OF
761 197 888 255 PLINY

539 485 689 544 XXXVII

336 650 368 708 C.
393 647 514 704 Pinuus
535 646 673 703 Taurino
695 644 883 702 lurnmrom

204 810 239 866 lu
261 827 356 885 aquae
378 806 514 875 ductum,
536 803 669 874 domine,
691 802 929 860 Nicomedenses
950 806 1067 879 impen-

161 916 275 974 demnt
302 916 477 971 sestertium
506 907 591 990 [im]
613 911 749 982 Ecffirx-ix,
784 913 836 986 qui
870 909 1065 986 imperfectus

162 1021 262 1079 adhuc
285 1020 465 1077 relictusne
488 1022 582 1074 etiam
605 1017 779 1075 destructus
807 1025 873 1074 est:
906 1036 1012 1074 rursus
1040 1022 1066 1072 in

162 1129 255 1185 alium
270 1127 396 1184 ductum
411 1133 535 1202 erogata
549 1133 621 1182 sunt
641 1144 683 1181 cc.
729 1125 798 1182 Hoc
819 1144 940 1206 quoque
962 1125 1068 1182 relicto

163 1254 241 1291 novo
269 1231 424 1310 impendio
453 1239 500 1289 est
532 1252 616 1308 opuS,
645 1239 680 1289 ut
707 1251 816 1309 aquam
845 1231 992 1302 habeant,
1021 1235 1069 1308 qui

163 1349 282 1400 tantam
310 1342 470 1416 pecuniam
492 1339 572 1395 male
593 1337 803 1415 perdiderunt.
848 1338 917 1414 Ipse
942 1341 1067 1414 perveni

164 1447 202 1505 ad
217 1446 335 1504 fontem
356 1449 559 1523 purissimum,
574 1465 612 1502 ex
633 1465 693 1522 quo
715 1445 837 1503 videtur
857 1463 934 1521 aqua
955 1443 1066 1502 debere

164 1553 299 1630 perduci,
315 1557 393 1609 sicut
408 1556 495 1608 initio
509 1559 663 1609 tentatum
679 1560 754 1622 erat,
768 1560 891 1609 arcuato
911 1570 1019 1627 opere,
1035 1571 1066 1606 ne

164 1667 286 1718 tantum
313 1660 352 1717 ad
386 1659 476 1748 plana
511 1662 641 1716 civitatis
676 1667 708 1716 et
727 1659 868 1738 ¹humilia
901 1663 1066 1735 perveniat.

167 1766 296 1824 Manent
318 1764 418 1822 adhuc
446 1768 616 1840 paucissimi
644 1784 748 1834 arcus3
779 1772 906 1840 possunt
935 1772 968 1821 et
998 1768 1066 1839 erigi¹

166 1873 289 1952 quidam
316 1872 417 1949 lapide
446 1872 602 1949 quadrato,
638 1876 690 1949 qui
725 1891 763 1929 ex
798 1876 952 1949 superiore
981 1892 1065 1948 opere

166 1981 322 2039 detractus
337 1987 403 2048 est3
423 1980 523 2056 aliqua
544 2000 622 2056 pars,
638 1988 672 2037 ut
693 1979 769 2036 mihi
790 1979 920 2050 videtur,
935 1987 1066 2037 testaceo

166 2106 258 2163 opere
272 2085 392 2163 agenda
407 2089 465 2143 erit
478 2104 485 2153 ;
507 2085 538 2141 id
553 2089 636 2142 enim
651 2093 683 2143 et
698 2085 815 2142 facilius
835 2093 868 2143 et
890 2085 989 2143 vilius.
1034 2086 1068 2142 Et

166 2199 199 2252 in
221 2197 325 2271 primis
347 2196 550 2250 necessarium
573 2200 620 2251 est
641 2196 725 2249 mitti
745 2199 815 2249 ate
836 2192 885 2250 vel
899 2192 1067 2270 aquilegem

167 2301 215 2358 vel
244 2299 454 2369 architectum,
483 2318 523 2355 ne
552 2318 652 2357 mrsus
681 2303 812 2371 eveniat,
841 2298 923 2378 quod
951 2299 1066 2357 accidit

168 2407 235 2486 Ego
263 2407 338 2465 illud
367 2426 461 2464 unum
495 2405 629 2477 adfirm0‚
659 2414 691 2464 et
719 2406 885 2464 utilitatem
912 2413 1016 2484 operis
1043 2415 1068 2464 et

169 2513 429 2591 pulchritudinem
446 2512 566 2570 saeculo
580 2521 634 2570 tuo
650 2532 715 2571 esse
730 2512 948 2590 dignissimam.

201 2662 214 2685 ‘⁸
231 2653 322 2702 About
333 2655 453 2713 cauom.

200 2719 211 2750 i
228 2719 284 2768 Tire
296 2719 365 2768 Poat
376 2721 408 2768 de
421 2719 496 2768 Gara
507 2734 571 2779 near
582 2717 676 2770 Nimes
693 2718 864 2782 (Nemausus)
881 2720 904 2770 is
921 2736 937 2768 a
955 2720 1068 2785 magnifi-

169 2791 230 2834 cent
241 2785 372 2850 specimen
384 2783 412 2834 ci
423 2784 497 2834 these
509 2784 676 2850 overground
687 2784 842 2850 aqueductu.
