2158 3436
344 211 433 269 THE
463 207 647 270 LETTERS
676 207 730 267 OF
757 205 883 266 PLINY

162 368 227 426 fera
241 372 372 438 nomina,
388 373 420 425 in
440 373 543 445 primis
564 372 644 443 regis
665 371 768 444 ipsius,
790 367 914 423 Graecis
933 367 1067 423 versibur

163 495 223 531 non
239 475 396 533 resultent.
434 475 494 532 Sed
509 475 586 531 nihil
603 483 658 546 est,
674 475 755 551 quod
770 494 831 530 non
845 481 911 530 arte
926 493 1074 550 curaque,

164 587 188 640 si
207 604 268 640 non
286 591 389 660 potest
413 587 502 654 vinci,
522 587 689 658 mitigetur.
735 581 905 651 Praeterea,
929 583 954 636 si
979 579 1073 636 datur

166 689 302 746 Homero
321 695 354 744 et
373 687 476 745 mollia
493 687 637 744 vocabula
654 695 687 745 et
710 685 825 743 Graeca
847 685 886 742 ad
908 673 1073 743 lenitatem

167 814 269 851 versus
306 793 494 864 contrahere,
524 793 701 864 extendere,
730 792 896 862 inflectere,
924 812 978 849 cur
1016 794 1073 848 tibi

164 900 269 957 similis
283 899 437 970 audentia,
452 904 631 977 praesertim
647 919 707 956 non
726 899 867 970 delicata,
889 898 944 956 sed
968 919 1074 956 neces-

165 1010 251 1078 saria,
265 1008 420 1083 negetur?
462 1007 592 1064 Proinde
607 1011 672 1064 iure
688 1015 798 1080 vatum,
815 1010 962 1064 invocatis
977 1007 1026 1064 dis
1042 1015 1073 1064 et

165 1116 246 1170 inter
259 1112 333 1170 deos
347 1117 422 1190 ipso,
437 1117 521 1171 cuius
541 1133 599 1185 reS,
615 1134 716 1192 opera,
731 1114 855 1171 consilia
874 1114 1012 1172 dicturus
1032 1135 1074 1183 es,

165 1223 297 1277 immitte
312 1221 467 1292 rudentes,
482 1221 582 1297 pande
597 1222 665 1279 vela
678 1243 722 1292 ac,
738 1227 762 1279 si
776 1222 898 1299 quando
912 1222 995 1293 aliaS,
1005 1231 1073 1280 toto

165 1331 289 1404 ingenio
304 1328 423 1412 vehere.
467 1329 527 1386 Cur
542 1334 624 1386 enim
644 1350 705 1386 non
726 1350 784 1406 ego
803 1350 923 1406 quoque
949 1335 1071 1406 poetice

166 1455 234 1491 cum
250 1437 361 1511 poeta?

207 1541 288 1598 lilud
316 1546 376 1597 iam
408 1562 490 1599 nunc
525 1547 676 1618 paciscor;
718 1547 814 1620 prima
852 1563 1002 1620 quaeque,
1040 1553 1072 1601 ut

167 1649 339 1719 absolveris,
354 1653 480 1720 mittito,
494 1654 586 1707 immo
606 1655 699 1708 etium
721 1659 794 1707 ante
811 1669 902 1727 quam
924 1650 1073 1722 absolvas,

166 1760 208 1813 sic
223 1763 258 1812 ut
279 1763 370 1813 erunt
389 1761 524 1813 recentia
547 1765 580 1814 et
604 1757 689 1814 rudia
711 1765 744 1814 et
767 1756 867 1814 adhuc
891 1756 999 1813 similia
1025 1778 1073 1814 na-

168 1863 330 1919 scentibus.
377 1862 584 1938 Respondebis
598 1883 660 1920 non
675 1883 762 1939 posse
776 1863 904 1939 perinde
919 1868 1051 1940 carptim
1063 1865 1072 1900 ¹

166 1975 201 2025 ut
229 1975 383 2037 contexta,
411 1969 538 2045 perinde
566 1969 708 2027 inchoata
735 1970 855 2046 placere
884 1977 919 2026 ut
953 1970 1071 2030 effecta.

168 2075 244 2133 Scio.
299 2074 407 2153 Itaque
435 2084 467 2133 et
497 2097 516 2132 a
544 2097 593 2133 me
620 2079 862 2135 aestimabuntur
890 2078 925 2134 u't
953 2088 1072 2154 coepta,

167 2183 388 2257 spectabuntur
402 2189 437 2239 ut
457 2184 593 2240 membra
614 2191 842 2261 extremamque
863 2184 965 2240 limam
987 2192 1072 2242 tuam

167 2293 365 2366 opperientur
378 2293 410 2345 in
425 2293 533 2346 scrinio
548 2298 658 2347 nostro.
704 2289 811 2348 Patere
831 2289 888 2347 hoc
909 2310 958 2348 me
982 2311 1073 2369 super

168 2403 270 2453 cetera
284 2395 398 2454 habere
413 2400 522 2453 amoris
537 2401 581 2454 tui
597 2401 718 2472 pignus,
727 2405 762 2454 ut
776 2417 813 2454 ea
826 2416 947 2473 quoque
963 2404 1072 2470 norim,

168 2513 245 2570 quae
281 2513 369 2550 nosse
404 2498 559 2551 neminem
595 2494 696 2551 velles.
742 2494 779 2550 In
813 2514 930 2551 summa
963 2505 1072 2572 potero

168 2591 295 2648 fortasse
318 2596 430 2668 scripta
453 2600 506 2649 tua
530 2597 625 2668 magis
647 2593 784 2668 probare,
803 2592 936 2663 laudare,
957 2606 1073 2670 quanto

168 2689 220 2746 illa
247 2690 363 2748 tardius
390 2695 568 2767 cautiusque
593 2691 646 2747 sed
670 2695 768 2767 ipsum
790 2699 823 2748 te
848 2695 943 2766 magis
965 2697 1073 2754 amabo

168 2793 324 2865 magisque
361 2789 501 2861 laudabo,
535 2798 649 2866 quanto
688 2789 816 2846 celerius
853 2797 886 2847 et
923 2794 1073 2852 incautius

169 2891 293 2944 miseris.
339 2887 421 2945 Vale.

202 2990 208 3020 ¹
228 2994 340 3057 carptim
354 2998 479 3043 contexta
493 2993 606 3054 Kanna,
621 2994 734 3058 carptim
757 2999 887 3044 <texta>
905 2999 936 3043 ut
948 3003 1074 3048 contexta

170 3055 312 3118 Brocchus,
326 3060 440 3123 carptim
458 3061 631 3110 <coniecta>
650 3065 681 3110 ut
693 3065 820 3109 contextu
835 3060 994 3112 budinarium.

174 3169 230 3208 100
