2160 3438
323 205 411 265 THE
440 202 623 266 LETTERS
640 206 706 267 'OF
737 206 864 266 PLINY

1059 313 1060 338 l

141 374 350 424 commeatum.
409 367 480 423 Non
515 375 562 425 est
590 375 694 424 autem
722 365 931 443 simplicitatis
967 341 1060 422 meael

140 479 328 537 dissimulare
342 481 423 556 apud
438 483 608 539 bonitatem
622 490 707 539 tuam
722 483 820 538 obiter
834 489 868 538 te
883 481 1047 556 plurimum

140 595 319 654 collaturum
333 597 515 656 utilitatibus
529 602 573 656 rei
588 597 741 654 familiaris
755 617 849 654 meae.
894 597 1046 674 Agrorum

140 715 231 782 enim,
253 731 327 788 quos
348 715 379 767 in
405 712 512 770 eadem
534 716 659 788 regione
682 711 831 789 possideo,
845 711 960 768 locatio
984 729 1060 802 cum1

139 825 251 902 alioqui
279 845 348 883 cccc
376 826 514 897 excedat,
537 826 615 884 adeo
643 847 705 883 non
733 833 837 902 potest
864 825 994 896 differri,
1017 833 1060 916 ut}

139 944 305 1014 proximam
326 945 517 1016 putationem
538 962 634 1000 novus
656 942 779 998 colonus
800 941 902 999 facere
926 942 1044 999 debeat.

141 1054 300 1112 Praeterea
314 1061 475 1114 continuae
487 1057 663 1115 sterilitates
678 1065 792 1134 cogunt
801 1077 850 1114 me
862 1056 901 1114 de
917 1062 1045 1115 remissi-

139 1172 245 1228 onibus
260 1177 393 1248 cogitare
406 1192 413 1241 ;
435 1193 561 1249 quarum
575 1178 724 1250 Rationem
739 1178 796 1230 nisi
811 1192 957 1250 praesens
972 1178 1044 1229 inire
1059 1189 1060 1214 ¹

139 1305 200 1341 non
214 1306 344 1361 possum.
1059 1269 1060 1308 ¹

180 1400 308 1460 Debebo
323 1421 405 1478 ergo,
419 1402 553 1474 domine,
567 1402 778 1480 indulgentiae
792 1411 864 1461 tuae
879 1413 913 1462 et
922 1409 1042 1481 pietatis

137 1539 223 1576 meae
239 1518 428 1582 celeritatem
450 1528 483 1577 et
496 1528 593 1577 status
614 1519 847 1590 ordinationem,
862 1525 887 1577 si
908 1522 986 1578 mihi
1007 1524 1041 1578 ob
1059 1507 1060 1550 l

137 1641 264 1712 utraque
279 1635 353 1692 haec
362 1634 482 1693 dederis
493 1644 695 1693 commeatum
705 1655 764 1692 xxx
778 1636 904 1693 dierum.
936 1637 1040 1714 Neque

137 1754 219 1806 enim
246 1755 404 1827 angustius
431 1759 553 1828 tempus
581 1751 741 1828 praefinire
762 1772 894 1828 possum,
917 1773 987 1810 cum
1011 1761 1060 1809 etl

136 1872 334 1944 municipium
362 1876 395 1926 et
422 1873 497 1944 agri,
525 1867 564 1925 de
593 1869 701 1945 quibus
729 1867 845 1946 loquor,
875 1874 936 1927 sint
965 1871 1037 1928 ultra

136 1995 335 2048 centesimum
351 1999 383 2049 et
397 1995 680 2069 quinquagesimum
695 1991 836 2067 lapidem.
1059 1987 1060 2042 l

564 2209 608 2266 IX

446 2349 601 2407 Tnxmuus
625 2351 729 2408 Panno

176 2509 221 2564 ΕΤ
248 2509 401 2585 privatasl
428 2509 539 2567 multas
569 2518 602 2567 et
634 2529 739 2568 omnes
770 2509 906 2586 publicas
937 2531 1033 2569 causas

134 2615 260 2689 petendi
276 2623 460 2673 commeatus
481 2616 662 2684 reddidisti3
683 2617 758 2673 mihi
778 2624 882 2674 autem
908 2617 954 2674 vel
976 2619 1032 2674 sola
1059 2653 1060 2690 q

133 2721 273 2779 voluntas
288 2730 341 2779 tua
364 2723 537 2781 suffecisset.
582 2723 691 2800 Neque
717 2729 798 2781 enim
819 2725 927 2782 dubito
946 2733 987 2797 te,
1001 2733 1031 2782 ut

134 2950 245 2988 surum.
288 2932 426 2990 Statuam
441 2940 513 3009 poni
528 2936 602 2992 mihi
625 2958 642 2993 a
666 2946 699 2995 te
723 2958 769 3010 e0,
791 2959 852 3015 quo
876 2940 1030 3010 desideras,

133 2830 263 2900 primum
285 2833 428 2901 potueriS,
443 2829 482 2885 ad
507 2837 570 2886 tam
593 2831 764 2888 districtum
789 2832 917 2889 officium
939 2853 1031 2890 rever-

420 3047 428 3076 ¹
447 3049 565 3110 privatas
576 3052 639 3100 aad.
656 3052 748 3101 Coton.
1059 3063 1060 3094 l

138 3135 195 3188 288
231 3143 233 3146 '
