2148 3440
314 210 403 267 THE
433 210 616 269 LETTERS
645 211 699 270 OF
730 211 855 268 PLINY
1063 285 1064 300 χ

131 373 261 445 spatiosa
287 376 319 426 et
344 388 438 445 capax
462 369 580 439 domus,
603 368 657 426 sed
682 368 802 426 infamis
827 377 859 426 et
881 371 1064 444 pestilen'

135 501 191 556 Per
215 500 370 558 silentium
386 505 496 558 noctis
525 521 615 558 sonus
642 500 715 558 ferri
743 509 784 571 et,
813 504 838 557 si
862 502 1054 561 attendere

131 637 236 705 acrius,
251 638 396 710 strepitus
410 634 597 691 vinculorum
619 634 737 710 longius
758 638 864 710 primo,
887 632 1024 694 deinde

1051 629 1064 702 d

132 772 268 843 proximo
288 766 480 825 reddebatur.
526 767 598 824 Mox
619 769 784 844 apparebat
812 766 926 836 idolon,
950 713 1064 854 seneil

132 904 227 956 macie
243 907 275 956 et
290 898 426 975 squalore
441 899 608 970 confectus,
622 903 767 976 promissa
788 900 889 970 barba,
903 883 1064 962 horrentl

133 1031 241 1108 capillo
254 1051 261 1100 3
283 1033 417 1090 cruribus
432 1033 603 1110 compedes,
618 1033 757 1090 manibus
771 1040 893 1090 catenas
915 1025 1064 1174 gerebap

133 1167 358 1242 quatiebatque.
404 1165 480 1222 Inde
502 1165 744 1223 inhabitantibus
769 1169 872 1226 tristes
896 1165 1064 1274 diraequq

92 1373 94 1376 Ι
133 1307 239 1356 noctes
255 1319 309 1376 per
322 1307 450 1356 metum·
464 1298 685 1375 vigilabantur3
706 1297 840 1374 vigiliam
864 1299 999 1358 morbus
1027 1313 1062 1361 et

1063 1371 1064 1416 l

134 1439 290 1489 crescente
305 1430 468 1489 formidine
482 1450 562 1487 mors
577 1431 768 1507 sequebatur.
814 1431 892 1487 Nam
907 1434 1064 1508 interdiul

1063 1513 1064 1552 l

134 1585 264 1642 quoque,
279 1585 461 1641 quamquam
475 1565 661 1622 abscesserat
682 1567 791 1640 imago,
813 1569 961 1621 memoria
977 1571 1060 1624 ima-

134 1701 212 1773 ginis
228 1697 321 1754 oculis
337 1697 498 1767 inerrabat,
513 1696 692 1772 longiorque
707 1700 803 1754 causis
817 1701 935 1753 timoris
953 1702 1064 1756 timori

135 1837 208 1887 erat.
252 1829 382 1886 Deserta
409 1829 482 1886 inde
511 1837 543 1886 et
571 1818 714 1885 damnata
743 1828 906 1886 solitudine
935 1829 1055 1916 domus

134 1962 259 2031 totaque
268 1953 312 2009 illi
321 1961 455 2010 monstro
467 1953 590 2021 relicta3
612 1953 854 2032 proscribebatur
862 1960 979 2024 tamen,
994 1975 1052 2012 seu

134 2082 200 2156 quis
229 2098 331 2134 emere
359 2098 413 2135 seu
441 2081 508 2154 quis
529 2077 698 2135 conducere
721 2081 843 2154 ignarus
865 2082 947 2135 tanti
972 2081 1052 2137 mali

134 2200 235 2259 vellet.

176 2327 268 2383 Venit
303 2325 442 2382 Athenas
479 2325 676 2403 philosophus
712 2325 938 2396 Athenodorus
967 2324 1050 2403 legit

134 2448 259 2506 titulum
280 2448 444 2525 auditoque
460 2453 559 2524 pretio
582 2453 652 2526 quia
679 2456 819 2525 suspecta
842 2449 950 2519 vilitas,
974 2469 1047 2526 per-

135 2581 295 2631 cunctatus
310 2577 409 2629 omnia
424 2572 552 2629 docetur
565 2593 599 2629 ac
614 2573 710 2630 nihilo
724 2577 834 2644 minus,
848 2577 941 2630 immo
955 2581 1047 2631 tanto

135 2702 230 2774 magis
259 2696 409 2753 conducit.
455 2696 515 2753 Ubi
544 2701 646 2773 coepit
673 2696 934 2772 advesperascere,
957 2697 1045 2754 iubet

168 2877 181 2900 α
198 2869 283 2918 There
302 2886 370 2918 were
387 2875 442 2918 two
460 2869 533 2919 Stolo
550 2870 733 2934 philosophers
750 2870 778 2919 of
801 2870 856 2919 this
872 2885 957 2929 name,
977 2869 1042 2920 both

136 2935 241 2982 nativas
258 2934 285 2982 ol
302 2935 400 2983 Tarsus
419 2951 449 2983 or
468 2935 504 2984 its
521 2937 642 2999 vicinity.
680 2935 736 2986 One
753 2952 807 2984 was
823 2935 886 3002 long
902 2934 1041 2985 domiciled

137 2998 203 3047 with
215 2997 291 3057 Cato,
305 2999 351 3048 the
364 3000 441 3048 other
454 3000 550 3064 taught
562 3002 708 3066 Augustus.
747 3000 845 3050 Which
857 3001 885 3051 of
896 2999 942 3050 the
954 3005 1009 3050 two
1021 3003 1040 3051 is

136 3066 227 3111 meant
238 3062 301 3111 here
313 3065 427 3113 tamaius
439 3065 583 3115 unknown.

141 3171 178 3226 70
