2162 3438
310 157 399 213 THE
427 156 611 215 LETTERS
639 157 694 214 OF
724 156 851 213 PLINY

128 315 185 372 Vix
200 315 251 373 ille
265 316 454 386 discesserat,
469 335 570 374 mrsus
590 316 686 374 alter:
709 315 812 386 ‘Quid
833 315 954 372 audes?
977 335 1040 392 quo

127 423 209 480 ruis?
230 423 339 500 quibus
360 431 393 481 te
414 423 555 500 periculis
578 425 705 481 obiicis?
727 423 800 500 quid
822 424 1040 498 praesentibus

127 529 251 587 confidis
279 534 413 588 incertus
436 529 627 587 futurorum?
648 529 769 587 lacessis
793 529 951 586 hominem
976 534 1041 586 iam

127 637 316 714 praefectum
336 642 443 696 aerarii
458 646 490 696 et
509 640 593 696 brevi
614 638 780 709 consulem,
794 645 956 713 practerea
976 657 1041 714 qua

127 750 233 822 gratia,
248 747 356 822 quibus
370 748 508 802 amicitiis
519 744 631 802 fultum
644 745 649 801 !
663 745 669 766 ’
713 745 859 802 Nominat
869 743 1040 820 quendam,

127 856 178 928 qui
213 860 287 909 tunc
321 852 359 909 ad
395 855 543 909 orientem
578 851 795 927 amplissimum
831 857 863 907 et
898 849 1039 907 famosis·
1067 901 1068 906 ,

127 963 236 1015 simum
250 962 418 1016 exercitum
432 978 494 1014 non
508 962 573 1016 sine
587 961 705 1034 magnis
726 958 886 1034 dubiisque
907 962 1039 1014 rumori·
1067 947 1068 982 f

126 1067 182 1123 bus
206 1067 373 1124 obtinebat.
417 1065 466 1122 Ad
488 1065 564 1122 haec
593 1085 670 1141 ego:
706 1071 743 1098 “‘
752 1064 864 1121 Omnia
891 1070 1039 1141 praecepi

126 1179 219 1249 atquc
233 1177 334 1231 animo
347 1193 468 1230 mecum
482 1180 554 1230 ante
568 1177 675 1249 peregi
686 1171 725 1210 ’²1
748 1193 805 1230 nec
820 1192 937 1243 recusa,
954 1177 979 1230 si
995 1178 1039 1230 ita

127 1300 212 1338 casus
226 1279 374 1351 attulerit,
385 1280 469 1338 luere
481 1299 594 1356 poenas
604 1281 644 1338 ob
652 1280 898 1337 honestissimum
908 1279 1037 1350 factum,

127 1388 201 1445 dum
216 1388 479 1464 flagitiosissimum
493 1387 638 1445 ulciscor.'

169 1493 233 1550 lam
268 1493 413 1551 censendi
447 1502 577 1570 tempus.
630 1493 714 1551 Dicit
749 1493 902 1554 Domitius
938 1496 1037 1572 Apol-

126 1601 239 1670 linariS,
267 1600 370 1657 consul
400 1599 588 1676 designatus,
615 1600 690 1658 dicit
716 1600 868 1658 Fabricius
893 1601 1037 1673 Veiento,

128 1709 238 1765 Fabius
263 1707 441 1778 Postumius,
457 1707 578 1765 Vettius
602 1707 754 1778 Proculus,
776 1707 894 1784 collega
917 1708 1036 1767 Publici

127 1813 221 1884 Certi,
243 1812 282 1870 de
310 1833 369 1890 quo
392 1815 548 1889 agebatur,
572 1818 671 1871 uxoris
694 1823 798 1872 autem
822 1833 920 1885 meae,
944 1835 1035 1892 quam

126 1925 295 1990 amiseram,
335 1924 467 1991 vitricus
509 1928 579 1996 post
620 1920 675 1977 hos
718 1921 856 1980 Ammius
899 1921 1034 1980 Flaccus.

127 2027 243 2084 Omnes
258 2027 382 2085 Certum
396 2027 532 2085 nondum
546 2049 564 2084 a
577 2047 628 2086 me
642 2033 832 2086 nominatum
847 2037 882 2087 ut
896 2035 1036 2087 nomina-

127 2141 193 2191 tum
215 2133 397 2204 defendunt,
413 2139 587 2212 crimenque
609 2138 693 2212 quasi
714 2139 747 2191 in
767 2135 868 2192 medio
890 2135 1034 2195 relictum

126 2239 304 2298 defensione
320 2243 494 2317 suscipiunt.
539 2239 625 2314 Quae
640 2249 799 2318 praeterea
813 2240 958 2313 dixerint,
974 2264 1033 2301 non

127 2354 455 2415 estnecessenarrare3
476 2351 507 2402 in
516 2347 600 2406 libris
609 2347 711 2404 habes,
747 2346 821 2405 Sum
831 2351 913 2404 enim
922 2358 1035 2408 cuncta

126 2457 258 2528 ipsorum
273 2453 371 2509 verbis
385 2460 570 2528 persecutus

169 2557 283 2616 Dicunt
318 2567 423 2616 contra
453 2559 580 2617 Avidius
609 2559 749 2632 Quietus
776 2560 927 2619 Cornutus
960 2563 1033 2621 Tcr-

126 2666 237 2734 tullus;
277 2666 417 2737 Quietus
451 2670 671 2743 iniquissimum
705 2687 771 2724 esse
804 2668 944 2744 querelas
980 2670 1032 2727 do-

126 2771 255 2829 lentium
291 2772 420 2842 excludi,
448 2771 578 2849 ideoque
609 2773 714 2830 Arriae
750 2782 783 2830 ct
817 2775 951 2833 Fanniae
987 2783 1030 2834 ius

403 2887 411 2918 ¹
429 2887 508 2953 Verg.
525 2889 590 2940 Aen.
605 2891 640 2939 vi.
657 2893 711 2940 105.

324 3015 335 3036 ‘¹
352 3021 385 3055 sc.
398 3005 425 3058 of
437 3005 551 3066 Suturn3
569 3023 612 3056 see
624 3024 649 3063 x,
664 3010 713 3066 3Α,
727 3014 790 3064 note
801 3009 823 3063 b,
