2158 3436
305 159 393 218 THE
419 160 604 221 LETTERS
634 162 687 219 OF
717 162 843 220 PLINY

122 324 165 378 ita
193 328 301 377 natura
328 327 544 396 comparatum,
578 327 613 376 ut
647 323 851 395 proximorum
885 324 1035 379 incuriosi

123 427 288 504 longinqua
307 435 467 497 sectemur,
482 447 536 484 seu
555 427 636 504 quod
650 431 786 484 omnium
800 448 902 484 rerum
919 427 1035 504 cupido

122 533 301 609 languescit,
323 554 392 590 cum
417 533 511 591 facilis
534 538 659 605 occasi0,
681 555 734 591 seu
759 534 840 612 quod
860 535 1035 592 differimus

123 649 277 718 tamquam
306 661 396 718 saepe
421 645 521 712 visuri,
543 641 623 718 quod
652 641 742 699 datur
767 641 879 712 videre,
908 646 1035 719 quoties

123 748 197 806 velis
225 767 358 806 cernere.
415 747 604 826 Quacunque
636 749 675 806 de
705 769 794 805 causa
814 748 974 825 permulta
1004 753 1034 805 in

123 856 197 912 urbe
222 862 325 912 nostra
345 859 490 931 iuxtaque
515 856 621 911 urbem
646 875 708 911 non
733 855 826 912 oculis
851 854 956 926 m0d0,
981 855 1034 912 sed

123 982 162 1019 ne
177 964 298 1019 auribus
313 962 436 1039 quidem
456 968 602 1032 novimuS,
623 983 700 1040 quae
723 967 748 1020 si
767 962 888 1021 tulisset
903 961 1033 1032 Achaia,

124 1057 293 1146 Aegyptus¹
315 1069 388 1126 Asia
416 1069 511 1126 aliave
535 1069 692 1146 quaelibet
711 1069 924 1126 miraculormn
948 1069 1033 1127 ferax

123 1175 423 1253 commendatrixque
453 1185 544 1246 terra,
575 1175 690 1246 audita,
721 1176 864 1252 perlecta,
900 1175 1033 1234 lustrata¹

123 1283 311 1340 haberemus.

165 1388 234 1466 lpse
257 1396 341 1445 certe
368 1408 476 1464 nuper,
500 1389 580 1465 quod
606 1409 664 1446 nec
688 1388 843 1448 audieram
866 1397 942 1446 ante
974 1411 1032 1447 nec
1062 1395 1063 1448 f

124 1494 267 1565 videram,
289 1494 390 1551 audivi
413 1499 526 1570 pariter
548 1503 580 1552 et
597 1495 667 1552 vidi.
711 1495 865 1571 Exegerat
887 1515 1032 1572 prosocer

123 1620 218 1671 meuS,
248 1609 282 1659 ut
305 1601 450 1658 Amerina
474 1603 597 1678 praedia
625 1622 678 1659 sua
705 1605 895 1678 inspicerem.
942 1601 1031 1660 Haec

123 1708 345 1785 perambulanti
360 1708 435 1765 mihi
449 1709 621 1767 ostenditur
635 1708 793 1766 subiacens
807 1708 889 1765 lacus
904 1713 1031 1768 nomine

124 1815 317 1884 Vadimonis3
348 1816 436 1873 simul
465 1816 613 1892 quaedam
641 1815 830 1872 incredibilia
858 1824 1029 1874 narrantur.

124 1922 252 1980 Perveni
286 1922 325 1980 ad
360 1926 466 2000 ipsum,
524 1923 621 1980 Lacus
653 1931 700 1981 est
731 1927 763 1980 in
798 1921 1030 1982 similitudinem

123 2034 250 2088 iacentis
274 2038 358 2087 rotae
388 2034 629 2106 circumscriptus
658 2037 691 2087 et
716 2028 851 2106 undique
876 2030 1030 2107 aequalis;

123 2136 225 2194 nullus
246 2141 337 2207 sinus,
359 2135 520 2212 obliquitas
543 2134 635 2205 nulla,
655 2139 757 2192 omnia
779 2134 924 2204 dimensa,
945 2143 1030 2210 paria

124 2250 157 2300 et
184 2246 269 2319 quasi
296 2242 417 2299 artificis
445 2261 536 2299 manu
572 2249 676 2298 cavata
708 2249 741 2298 et
776 2245 882 2298 excisa.
939 2241 1030 2301 Color

124 2348 263 2406 caeruleo
285 2347 422 2417 albidior,
443 2347 565 2404 viridior
587 2355 620 2404 et
642 2352 782 2424 pressior,
804 2347 932 2424 sulpuris
952 2327 1029 2408 ddor

124 2475 271 2533 saporque
286 2453 464 2524 medicatus
478 2457 532 2524 vis,
547 2474 606 2530 qua
619 2452 716 2511 fracta
737 2453 911 2511 solidantur.
952 2454 1026 2532 Spa-

123 2566 201 2620 tium
215 2559 377 2631 modicum,
390 2560 471 2637 quod
485 2568 589 2617 tamen
601 2564 715 2618 sentiat
724 2567 831 2617 ventos
843 2568 875 2617 et
889 2557 1026 2622 fluctibus

124 2673 315 2726 intumescat.
338 2689 340 2694 ’
369 2667 460 2724 Nulla
480 2671 512 2723 in
536 2667 592 2723 hoc
613 2671 698 2724 navis
722 2664 821 2745 (sacer
848 2665 949 2744 enim),
970 2671 1024 2728 sed

125 2780 267 2832 innatant
287 2774 404 2831 insulae
427 2773 571 2831 herbidae
590 2793 696 2831 omnes
716 2772 865 2830 arundine
887 2780 919 2829 et
937 2777 1024 2834 iunco

158 2952 171 2974 ⁰
190 2943 274 2993 “The
296 2948 388 3002 water,
409 2959 438 2991 as
461 2943 484 2991 it
506 2941 677 3006 evaporatcd,
693 2941 846 3007 depositiug
868 2958 884 2991 a
905 2911 974 2993 erlst
997 2947 1024 2996 ol

126 3009 285 3074 sulphurous
297 3025 326 3058 or
338 3008 487 3058 calcareous
498 3007 635 3057 character
644 3008 659 3030 ”
672 3007 805 3069 (Merrilll.

131 3118 187 3184 154
