2162 3438
343 255 432 314 THE
461 253 644 314 LETTERS
673 255 727 314 OF
757 252 884 311 PLINY

132 402 138 412 ¹
161 417 254 470 etiam
279 413 390 471 litteris
418 416 500 488 ipsis,
524 431 601 490 quae
626 432 665 469 ex
692 411 827 488 periculo
854 414 920 467 eius
951 417 1066 467 tantum

161 519 324 575 discrimen
345 519 495 588 adierunt,
517 525 666 595 quantum
687 537 724 574 ex
746 515 844 574 salute
865 515 985 591 gloriae
1008 534 1066 570 con

60 691 65 698 ¹
161 633 336 703 sequentur.
380 623 463 682 Vale.
542 685 545 691 ,

559 799 669 857 XXIII

384 945 416 1003 C.
441 945 563 1002 Puuuus
585 945 714 1002 Msxruo
735 943 797 1003 Suo
820 943 849 1003 S.

203 1091 407 1156 Fnuousnrua
434 1095 540 1168 agenti
568 1091 643 1149 mihi
672 1095 785 1160 evenit,
814 1098 850 1148 ut
874 1093 1066 1157 centumviri,

160 1232 229 1269 cum
244 1211 296 1268 diu
320 1230 352 1268 se
375 1215 455 1268 intra
477 1211 612 1268 iudicum
633 1215 848 1269 auctoritatem
871 1215 1066 1286 gravitatem-

142 1340 222 1408 'que
244 1335 426 1401 tenuissent,
442 1350 547 1388 omnes
567 1339 696 1407 repente
713 1335 798 1408 quasi
818 1335 890 1389 victi
910 1337 1064 1408 coactIque

83 1490 86 1496 -
161 1459 382 1529 consurgerent
396 1451 638 1528 laudarentque3
659 1451 869 1528 frequentere
892 1460 1005 1510 senatu
1029 1450 1062 1507 f-

159 1590 251 1641 mam‚
266 1570 387 1647 qualem
401 1574 532 1627 maxime
554 1578 738 1646 optaveram,
753 1571 859 1629 rettuli
872 1590 880 1640 ;
901 1590 1061 1649 numquam

159 1696 265 1746 tamen
293 1693 438 1746 maiorem
466 1693 534 1768 cepi
562 1690 764 1766 voluptatem,
788 1709 878 1768 quam
906 1711 1008 1768 nuper
1031 1710 1061 1747 er

160 1827 300 1864 sermone
328 1808 450 1866 Corneli
478 1808 584 1866 Taciti.
642 1808 793 1866 Narrabat
820 1808 936 1868 sedisse
964 1829 1060 1867 secum

160 1928 344 1984 circensibus
358 1931 502 2003 proximiS
517 1931 653 2004 equitem
671 1927 847 1984 Romanum.
888 1927 984 1984 Hunc
998 1935 1059 2004 post

158 2049 257 2102 varios
272 2045 467 2123 eruditosque
483 2066 637 2104 sermones
655 2050 834 2123 requisisse:
855 2045 1002 2105 ‘Italicus
1022 2065 1058 2114 es,

158 2183 198 2219 an
212 2164 434 2240 provincialis?'
447 2164 486 2221 Se
497 2165 701 2241 respondisse:
712 2172 721 2199 ‘
731 2165 818 2223 Nosti
828 2184 878 2222 me
893 2173 927 2223 et
941 2166 1060 2242 quidem

161 2298 199 2336 ex
225 2279 352 2337 studiis'
375 2280 424 2338 Ad
439 2280 496 2338 hoc
518 2280 615 2352 illum,
630 2280 772 2339 ‘Tacitus
794 2301 827 2340 es
849 2301 889 2338 an
912 2281 1059 2340 Pliniusi'

160 2393 338 2469 Exprimere
367 2415 428 2452 non
453 2415 585 2472 possum,
609 2415 700 2472 quarn
723 2399 763 2453 sit
784 2396 950 2454 iucundum
977 2397 1057 2481 mihi„

159 2507 241 2585 quod
269 2513 392 2567 nomina
412 2519 515 2569 nostra
543 2515 627 2588 quasi
652 2510 823 2569 litterarum
846 2518 974 2591 propria,
997 2519 1056 2572 noui

158 2623 326 2697 hominum,
339 2625 450 2684 litteris
474 2626 654 2697 redduntur,
669 2626 751 2703 quod
775 2635 904 2705 uterque
926 2639 1054 2690 nostrum

158 2740 206 2797 his
235 2744 328 2797 etiam
357 2761 393 2798 ex
423 2741 530 2799 studiis
558 2749 658 2814 notus,
687 2745 796 2820 quibus
824 2743 913 2802 aliter
938 2748 1053 2827 ignotuq

160 2864 214 2914 est.
1049 2919 1051 3000 A

200 2970 321 3029 Accidit
335 2971 417 3029 aliud
431 2980 503 3030 ante
517 2974 661 3050 pauculos
682 2973 748 3032 dies
770 2975 876 3033 simile.
934 2977 1038 3037 Recuur

159 3083 251 3141 bebat
265 3104 385 3142 mecum
393 3089 439 3141 vir
453 3091 603 3163 egregius,
615 3088 724 3148 Fabius
741 3086 874 3163 Rufinus
886 3112 973 3169 super
986 3116 1020 3153 eu

163 3196 218 3250 226
