2158 3436
325 194 414 252 THE
442 194 625 252 LETTERS
654 193 709 252 OF
738 193 864 250 PLINY

1059 311 1060 342 i

144 373 252 431 sequar
270 361 313 423 te,
328 359 373 422 ut,
388 357 413 409 si
430 373 489 429 qua
508 372 546 409 ex
563 350 621 407 hoc
639 349 761 420 invidia,
776 369 838 406 non
855 357 909 407 tua
927 358 1060 407 tantum*

145 459 204 517 sit!

184 565 330 623 Venimus
358 564 396 622 ad
425 563 582 632 consules3
617 563 691 621 dicit
726 562 864 634 Senecio,
892 584 971 640 quae
1005 584 1051 622 res

143 671 272 742 ferebat,
286 671 387 748 aliqua
401 672 559 746 subiungo.
604 670 735 728 Vixdum
751 674 1005 742 conticueramus
1019 678 1051 727 et

144 779 244 835 Massa
265 785 391 854 questus
412 776 612 835 Senecionem
635 797 697 833 non
719 776 857 834 advocati
878 777 982 848 fidem,
997 777 1050 835 sed

144 887 258 941 inimici
299 883 533 942 amaritudinem
575 883 716 960 implesse
758 887 925 961 impietatis
964 904 1049 942 reum

144 990 286 1067 postulat.
345 991 462 1048 Horror
489 994 645 1059 omnium3
680 1009 738 1067 ego
765 998 869 1048 autem
897 990 1047 1050 ‘Vereor'

147 1101 270 1174 inquam
284 1097 459 1155 ‘clarissimi
480 1098 627 1168 consules,
649 1117 689 1155 ne
710 1097 785 1154 mihi
807 1096 906 1156 Massa
928 1097 1051 1156 silentio

145 1225 199 1262 suo
213 1208 501 1282 praevaricationem
515 1206 671 1275 obiecerit,
679 1203 761 1280 quod
775 1224 838 1261 non
852 1212 885 1262 et
899 1225 950 1262 me
964 1224 1051 1262 reum

144 1311 327 1388 postulavit)
371 1311 458 1384 Quae
480 1331 537 1368 vox
562 1319 595 1369 et
616 1315 719 1369 statim
741 1318 869 1387 excepta
890 1319 923 1368 et
944 1319 1051 1388 postea

145 1419 243 1476 multo
258 1436 398 1476 sermone
413 1419 565 1476 celebrata
587 1426 642 1476 est.
686 1418 782 1476 Divus
803 1419 926 1496 quidem
949 1419 1051 1477 Nerva

146 1529 228 1603 (nam
251 1529 384 1602 privatus
399 1545 518 1603 quoque
540 1525 722 1583 attendebat
742 1525 799 1597 his,
813 1546 891 1603 quae
912 1534 997 1584 recte
1018 1531 1051 1584 in

145 1632 267 1709 publico
282 1631 403 1707 fierent)
419 1635 516 1690 missis
530 1632 569 1689 ad
590 1651 640 1690 me
661 1637 842 1708 gravissimis
855 1632 967 1692 litteris
988 1654 1051 1691 non

144 1739 219 1796 mihi
238 1738 345 1810 solum,
359 1758 464 1797 verum
485 1743 577 1796 etiam
598 1739 717 1796 saeculo
740 1747 788 1798 est
807 1740 986 1816 gratulatus,
1001 1745 1050 1797 cui

146 1847 320 1924 exemplum
345 1848 398 1923 (sic
424 1849 506 1904 enim
531 1847 661 1922 scripsit)
685 1847 782 1906 simile
802 1849 935 1924 antiquis
956 1852 1050 1905 conti-

144 1957 246 2029 gisset.

187 2061 284 2129 Haec,
299 2067 454 2136 utcunque
469 2079 502 2118 se
517 2059 643 2130 habent,
657 2064 785 2131 notiora,
795 2060 930 2132 clariora,
938 2065 1049 2118 maiora

145 2175 180 2225 tu
196 2165 288 2223 facies
300 2185 308 2235 ;
325 2185 506 2243 quamquam
522 2186 584 2223 non
599 2170 698 2244 exigo,
712 2175 748 2225 ut
763 2166 891 2225 excedas
905 2175 990 2225 actae
1004 2172 1048 2225 rei

145 2271 277 2329 modum.
321 2270 400 2327 Nam
415 2291 473 2328 nec
487 2270 612 2330 historia
633 2272 727 2330 debet
748 2273 853 2350 egredi
879 2277 1047 2346 veritatem,

146 2385 178 2435 et
192 2377 321 2435 honeste
335 2376 424 2435 sactis
438 2381 549 2437 veritas
563 2379 678 2437 sufficit.
721 2380 805 2438 Vale.
