2160 3438
289 191 378 249 THE
407 190 591 250 LETTERS
619 191 674 249 OF
703 189 830 248 PLINY

106 350 213 420 solum,
235 350 344 426 quibus
365 352 497 425 parietes
519 348 704 406 excolantur.
748 347 815 405 Erit
844 350 937 406 etiam
968 349 1021 406 vel

106 464 280 522 faciendum
302 464 351 522 vel
380 464 544 522 emendum
566 467 658 540 ipsius
686 463 762 522 deae
787 467 916 540 signum,
944 469 1022 542 quia

106 584 265 658 antiquum
287 579 363 636 illud
385 599 402 637 e
429 579 513 656 ligno
536 580 716 656 quibusdam
737 583 783 637 sui
804 580 941 656 partibus
963 601 1022 638 ve-

106 702 222 754 tustate
237 703 412 753 truncatum
427 703 481 753 est.

148 811 305 882 Quantum
319 811 358 868 ad
380 815 522 888 porticuS,
537 810 613 867 nihil
634 814 758 868 interim
777 814 914 881 occurrit,
930 813 1023 888 quod

107 927 246 984 videatur
277 929 367 983 istinc
396 944 461 982 esse
489 926 711 1001 repetendum3
746 929 804 983 nisi
837 933 943 983 tamen
979 935 1023 984 ut

106 1040 233 1097 formam
262 1041 430 1098 secundum
464 1043 613 1097 rationem
647 1039 705 1097 loci
740 1041 858 1098 scribas.
903 1039 1022 1116 Neque
1071 1013 1072 1052 l

108 1159 190 1212 enim
204 1163 331 1230 possunt
346 1154 524 1236 circumdari
537 1153 653 1231 templo
665 1173 673 1223 ;
694 1175 765 1212 nam
777 1154 882 1220 ¹solum
903 1156 1021 1231 templi

106 1269 177 1326 hinc
198 1269 321 1327 flumine
336 1277 369 1326 et
388 1272 607 1346 abruptissimis
621 1273 704 1346 ripis,
718 1269 790 1326 hinc
804 1273 852 1326 via
868 1273 1021 1346 cingitur.
1071 1317 1072 1320 η

107 1386 163 1444 Est
183 1385 263 1442 ultra
277 1388 356 1441 viam
376 1384 556 1441 latissimum
577 1392 707 1459 pratum,
722 1389 754 1441 in
775 1405 835 1462 quo
853 1389 925 1442 satis
939 1395 1021 1462 apte

107 1510 212 1559 contra
235 1500 385 1578 templum
407 1503 506 1577 ipsum
524 1504 657 1576 porticus
682 1500 934 1576 explicabuntur;
956 1506 1021 1560 nisi

107 1617 180 1694 quid
191 1623 225 1674 tu
236 1616 344 1674 melius
355 1619 517 1686 inveneriS,
527 1619 578 1692 qui
590 1615 667 1673 soles
676 1616 810 1673 locorum
818 1615 1020 1676 difficultates

106 1741 171 1790 arte
187 1750 337 1808 superare.
381 1729 464 1787 Vale.

531 1926 588 1984 ru.

146 2191 260 2250 Scnrsrs
281 2199 437 2268 pergratas
458 2192 515 2249 tibi
538 2190 630 2248 fuisse
651 2190 769 2248 litteras
789 2209 882 2259 meaS,
901 2173 1018 2266 quibus
1071 2205 1072 2274 3

342 2059 375 2121 C.
398 2057 519 2116 Primus
541 2059 636 2116 Fusco
659 2057 720 2116 Suo
742 2056 771 2115 S.

106 2309 283 2382 cognovisti,
298 2325 389 2383 quem
408 2306 446 2363 ad
467 2305 591 2362 modum
612 2309 644 2362 in
657 2304 763 2362 Tuscis
776 2307 871 2362 otium
886 2311 1016 2364 aestatis

107 2425 279 2497 exigerem
299 2425 426 2499 requiris
441 2421 514 2498 quid
530 2440 567 2477 ex
581 2420 639 2478 hoc
653 2424 686 2476 in
702 2419 887 2476 Laurentino
909 2418 1015 2478 hieme
1071 2481 1072 2498 χ

105 2543 285 2612 permutem.
333 2536 426 2606 Nihil,
462 2539 519 2593 nisi
554 2535 636 2612 quod
670 2533 853 2593 meridianus
888 2554 1014 2593 somnus
1071 2563 1072 2576 .

106 2654 257 2721 eximitur,
267 2651 458 2728 multumque
473 2652 512 2709 de
527 2660 618 2710 nocte
632 2651 768 2709 velante
782 2650 831 2708 vel
844 2658 914 2727 post
927 2651 1012 2708 diem

106 2769 244 2835 sumitur,
258 2774 291 2822 et
308 2770 332 2822 si
346 2765 458 2841 agendi
472 2770 635 2823 necessitas
650 2770 753 2835 instat,
768 2784 845 2842 quae
866 2763 1013 2842 frequens

106 2879 216 2949 hieme,
245 2900 307 2937 non
332 2884 392 2935 iam
414 2879 559 2937 comoedo
584 2879 632 2936 vel
660 2880 784 2956 lyristae
809 2886 878 2955 post
902 2899 1012 2938 cenam
1071 2869 1072 2956 l

497 3035 509 3058 ⁰
526 3028 561 3077 ix.
576 3029 615 3078 36.

115 3119 166 3175 =68
