2160 3438
346 204 435 267 THE
464 203 646 266 LETTERS
675 205 730 268 OF
759 203 886 266 PLINY

556 444 673 500 XXXV

386 585 417 642 C.
443 583 562 642 Pururus
585 581 704 641 Aruml
727 583 788 644 Suo
810 582 839 642 S.

204 726 336 797 Lruuuu,
352 746 444 803 quem
458 730 576 796 misisti,
591 729 694 802 recepi
710 733 742 782 et
756 729 869 802 gratias
884 744 950 800 ago.
996 709 1078 784 Suml

163 842 267 891 tamen
293 833 350 890 hoc
374 841 514 909 tempore
535 836 790 909 occupatissimus.
835 830 909 889 Ideo
931 831 1069 889 nondum

164 960 234 998 eum
248 939 321 1016 legi,
336 959 405 997 cum
426 938 538 1016 alioqui
559 938 742 996 validissime
763 941 903 1014 cupiam;
925 937 982 994 sed
1004 959 1067 996 eam

163 1050 366 1104 reverentiam
375 1065 444 1103 cum
454 1045 565 1103 litteris
580 1048 652 1121 ipsis
666 1053 733 1102 tum
748 1047 867 1121 scriptis
880 1047 941 1100 tuis
958 1045 1069 1116 debeo,

163 1161 199 1210 ut
213 1171 331 1210 sumere
346 1152 398 1208 illa
412 1155 469 1208 nisi
491 1171 584 1209 vacuo
605 1155 706 1209 animo
727 1151 929 1229 irreligiosum
950 1162 1070 1228 putem.

164 1259 364 1336 Diligentiam
392 1266 476 1315 tuam
504 1262 536 1315 in
564 1257 766 1316 retractandis
802 1262 944 1336 operibus
981 1261 1078 1319 valde

162 1368 264 1444 probo.
308 1366 365 1425 Est
391 1374 498 1424 tamen
531 1366 638 1444 aliquis
672 1367 790 1438 modus,
820 1373 951 1444 primum
988 1369 1071 1446 quod

162 1477 256 1529 nimia
282 1492 354 1530 cura
381 1472 496 1530 deterit
524 1477 621 1549 magis
649 1491 740 1549 quam
770 1474 925 1544 emendat,
953 1473 1071 1532 deinde

162 1579 243 1657 quod
272 1599 326 1636 nos
361 1599 378 1634 a
413 1580 632 1636 recentioribus
667 1588 790 1637 revocat
824 1580 976 1657 simulque
1013 1587 1078 1666 nec}

162 1686 290 1744 absolvit
314 1690 413 1762 priora
437 1694 470 1743 et
495 1686 636 1743 inchoare
659 1691 827 1763 posteriora
851 1708 913 1758 pon
941 1694 1072 1764 patitur.

163 1793 246 1852 Vale.

548 1969 681 2028 XXXVI

396 2077 429 2169 HC.
454 2110 574 2168 Ptuuus
596 2111 691 2168 Fusco
713 2111 775 2170 Suo
798 2112 827 2172 S.

120 2251 123 2258 '
203 2248 348 2321 Quartus,
369 2270 460 2328 quem
474 2252 512 2308 ad
528 2251 651 2310 modum
667 2256 699 2309 in
724 2252 829 2312 Tuscis
848 2253 929 2312 diem
948 2263 1075 2317 aestate

161 2361 327 2438 disponam.
420 2407 421 2412 ,

202 2472 331 2548 Evigilo,
374 2492 442 2529 cum
487 2473 586 2545 libuit,
622 2473 801 2554 plerumque
842 2481 921 2534 circa
962 2479 1078 2554 horami

160 2582 297 2654 primam,
312 2599 402 2656 saepe
417 2589 498 2652 aute,
514 2581 629 2668 tardius
650 2603 723 2641 raro.
767 2583 891 2642 Clausae
912 2571 1078 2650 fenestrari

161 2697 295 2748 manent.
340 2691 418 2748 Mire
433 2697 515 2749 enim
529 2693 651 2751 silentio
665 2702 698 2752 et
712 2696 847 2753 tenebris
867 2697 906 2752 ab
927 2700 975 2769 iis,
988 2719 1076 2777 quae

161 2808 297 2872 avocant,
306 2801 455 2859 abductus
470 2811 503 2860 et
516 2803 636 2861 liberet
650 2805 725 2862 mihi
739 2805 875 2879 relictuS,
885 2827 948 2864 uon
963 2813 1075 2873 oculos

160 2913 261 2968 animo
283 2911 337 2969 sed
360 2916 494 2970 animum
518 2915 612 2972 oculis
637 2933 756 2994 sequor,
777 2922 829 2996 qui
850 2918 959 2976 eadem
988 2943 1078 3000 quae*

315 3051 321 3080 ¹
341 3052 430 3100 Aram
443 3052 478 3112 D,
492 3054 580 3102 Arrio
589 3069 634 3116 pr,
648 3053 734 3104 Ormo
745 3073 772 3117 a,
786 3057 873 3106 Arrio
885 3058 919 3107 K.

185 3144 220 3218 58
