2150 3444
242 211 331 270 THE
360 211 544 270 LETTERS
573 209 628 270 OF
657 210 784 269 PLINY

58 373 219 431 debentur.
263 373 329 429 Nec
357 373 502 449 proficere
530 393 584 449 pro
606 372 758 429 desiderio
779 370 971 429 athletarum

60 501 162 570 potest
182 493 263 570 quod
285 513 488 570 eorumquae
513 502 618 570 postea
639 492 789 550 iselastica
813 511 877 548 non
900 511 971 550 esse

59 618 212 684 constitui,
234 633 324 691 quam
347 612 502 671 vicerant1
525 617 663 690 accipere
685 613 850 671 desierunt.
897 613 971 670 Mu-

58 743 123 793 tata
154 739 235 791 enim
271 734 448 791 condicione
483 737 683 792 certaminum
721 734 816 790 nihilo
854 737 969 804 minus,

58 874 136 932 quae
150 860 223 911 ante
238 862 449 930 perceperant,
464 873 524 911 uon
540 862 728 912 revocantur.

471 1196 554 1254 CXX

233 1356 264 1414 C.
290 1356 411 1414 Pmnrus
432 1355 570 1413 Taurino
592 1356 780 1414 Iurunuroru

32 1551 35 1558 -
99 1517 200 1581 Usoun
228 1520 261 1572 in
288 1515 346 1572 hoc
374 1524 505 1592 tempus,
530 1515 663 1587 domine,
692 1535 792 1593 neque
822 1521 967 1594 cuiquam
1011 1516 1013 1522 ’

57 1623 222 1701 diplomata
237 1622 423 1680 commodavi
438 1615 539 1699 neque
553 1626 586 1679 in
600 1641 665 1680 rem
684 1622 776 1680 ullam
800 1627 857 1680 nisi
877 1631 966 1682 tuam

56 1733 132 1787 misi.
174 1729 273 1802 Quam
287 1737 468 1807 perpetuam
482 1732 684 1787 servationem
697 1748 797 1785 meam
811 1729 964 1806 quaedam

55 1841 219 1894 necessitas
238 1841 329 1913 rupit.
375 1836 468 1894 Uxori
486 1839 567 1893 enim
581 1855 668 1893 meae
682 1835 787 1893 audita
799 1844 898 1894 morte
913 1841 964 1894 avi

56 1943 170 2000 volenti
198 1942 237 1999 ad
265 1947 389 2000 amitam
421 1963 505 2001 suam
540 1962 698 2000 excurrere
733 1961 820 2000 usum
855 1963 962 2000 eorum

55 2068 167 2126 negare
203 2048 312 2106 durum
346 2053 460 2126 putavi,
488 2069 556 2106 cum
592 2048 661 2106 talis
688 2049 776 2106 officii
802 2053 900 2125 gratia
928 2053 961 2106 in

56 2154 214 2212 celeritate
228 2159 419 2226 consisteret,
433 2159 600 2232 sciremque
622 2163 655 2213 te
673 2158 822 2213 rationem
842 2159 961 2213 itineris

54 2264 260 2339 probaturum,
280 2267 364 2320 cuius
386 2283 474 2321 causa
496 2271 563 2321 erat
584 2266 689 2340 pietas.
736 2263 822 2320 Haec
844 2267 960 2340 scripsi,

55 2375 125 2447 quia
139 2371 214 2428 mihi
229 2391 334 2448 parum
349 2379 453 2448 gratus
466 2373 523 2429 tibi
542 2370 606 2428 fore
626 2371 760 2441 videbar,
774 2374 799 2427 si
820 2370 959 2428 dissimu-

54 2475 163 2534 lassem
190 2481 271 2535 inter
298 2478 356 2534 alia
383 2478 530 2536 beneficia
557 2476 614 2534 hoc
642 2497 735 2534 unum
766 2497 816 2535 me
844 2477 958 2535 debere

22 2659 25 2666 ⁴
54 2582 265 2660 indulgentiae
279 2591 360 2655 tuae,
375 2584 457 2661 quod
471 2583 580 2655 fiducia
594 2587 658 2641 eius
672 2587 757 2660 quasi
772 2582 910 2640 consulto
925 2591 957 2640 te

54 2708 115 2745 non
150 2690 287 2748 dubitavi
315 2691 425 2761 facere,
454 2711 546 2768 quem
580 2695 604 2748 si
635 2690 862 2762 consuluissem,
890 2710 957 2748 sero

54 2791 202 2850 fecissem.

88 2919 96 2948 ¹
108 2920 179 2982 quod
188 2937 353 2986 eorumquae
363 2930 456 2988 postea
463 2925 596 2974 iselastica
605 2941 657 2974 non
667 2941 724 2975 esse
731 2928 868 2987 constitui,
876 2943 955 2992 quom

54 2983 315 3107 ἔξοίνὲἲιέῢῃῗσέαςβεν,
328 2988 393 3050 quid
404 3004 494 3037 eorum
509 3005 536 3052 q.
549 3005 574 3053 p.
590 2991 619 3040 is.
635 3006 687 3039 non
699 2991 757 3056 lege
768 2998 864 3052 const,
877 3009 955 3056 quam

54 3151 114 3206 4³0
