2162 3438
331 203 420 261 rim
450 181 632 270 LETTERS
661 206 715 264 or
746 206 871 263 mmr

586 445 616 501 X

380 601 410 658 C.
436 601 557 659 Primus
578 602 691 659 Tacrro
714 603 775 660 Suo
796 601 825 660 S.

190 759 283 816 Curuo
305 764 474 836 praeceptis
495 763 556 817 tuis
577 780 703 836 parere;
732 759 786 818 sed
806 780 948 837 aprorum
970 769 1049 818 tanta

149 887 277 959 penuria
301 890 357 953 est,
381 890 416 940 ut
438 883 595 940 Minervae
617 893 649 942 et
673 883 800 955 Dianae,
818 905 891 962 quas
912 889 956 942 ais
979 889 1048 961 pari-

149 1011 198 1061 ter
216 1005 368 1076 colendas,
390 1009 635 1062 convenire'non
659 1010 761 1082 possit.
806 1006 915 1082 Itaque
942 980 1061 1064 Miner-l

150 1149 204 1186 vae
228 1138 348 1187 tantum
373 1129 565 1187 serviendum
591 1136 647 1198 cst,
672 1128 802 1186 delicate
827 1136 933 1186 tamen
963 1138 999 1187 ut
1023 1134 1048 1185 in

151 1273 269 1311 secessu
293 1261 325 1310 et
349 1261 473 1311 aestate.
519 1253 556 1309 ln
581 1257 627 1310 via
649 1253 740 1329 plane
762 1273 822 1309 non
845 1253 930 1310 nulla
944 1253 1049 1311 leviora

150 1376 314 1449 statimque
342 1373 475 1430 delenda
500 1393 536 1428 ea
557 1371 745 1449 garrulitate,
767 1391 826 1450 qua
847 1391 1004 1429 sermones
1023 1367 1062 1427 inl

150 1496 289 1552 vehiculo
303 1505 455 1567 seruntur,
470 1497 603 1554 extendi.
642 1462 707 1553 ¹His
728 1495 876 1572 quaedam
898 1496 1003 1553 addidi
1024 1501 1049 1552 in

152 1620 230 1691 villa,
246 1641 315 1678 cum
328 1621 411 1678 aliud
432 1642 493 1678 non
514 1622 632 1680 liberet.
677 1622 784 1698 Itaque
807 1627 949 1697 polimata
972 1626 1050 1699 quie

151 1752 249 1814 scunt,
265 1764 342 1820 quae
356 1753 390 1801 tu
408 1748 489 1801 inter
509 1765 633 1802 nemora
655 1753 688 1802 et
709 1745 792 1802 lucos
813 1745 1048 1803 commodissime

150 1867 252 1943 perfici
261 1877 359 1944 putas.
390 1869 619 1926 Oratiunculam
629 1889 730 1940 unam,
739 1869 866 1926 alteram
875 1873 1048 1928 retractavi:

150 2012 331 2069 quamquam
354 1993 385 2050 id
413 2013 509 2069 genus
537 1998 636 2070 operis
664 1993 835 2064 inamabile,
859 1997 1048 2051 inamoenum

149 2117 306 2188 magisque
328 2112 479 2169 laboribus
501 2117 577 2168 ruris
599 2132 689 2188 quam
712 2111 920 2188 voluptatibus
948 2112 1046 2168 simile.

152 2236 233 2293 Vale.

583 2501 627 2558 Xl

374 2645 405 2702 C.
430 2645 550 2702 Primos
572 2644 696 2702 Granum
718 2643 779 2702 Suo
801 2644 829 2702 S.

192 2793 362 2849 Erisrurau
378 2799 462 2847 tuam
478 2791 722 2847 iucundissimam
737 2795 850 2868 accepi,
862 2810 898 2848 eo
913 2797 1046 2862 maxime,

151 2910 232 2986 quod
256 2910 370 2986 aliquid
394 2910 432 2966 ad
456 2917 487 2966 te
509 2911 598 2966 scribi
619 2910 750 2981 volebas,
764 2911 845 2987 quod
865 2911 949 2969 libris
963 2916 1046 2970 inseri

152 3037 261 3103 posset.
305 3031 460 3086 Obveniet
473 3033 608 3099 materia,
623 3029 672 3086 vel
687 3029 762 3086 haec
775 3034 840 3106 ipsa
861 3050 951 3107 quam
972 3053 1045 3089 mon·

157 3155 209 3208 192
