2150 3444
301 242 390 300 THE
419 241 602 312 LETTERS
631 241 687 300 OF
716 242 842 300 PLINY

529 479 615 535 CXII

299 621 330 677 C.
356 620 476 677 Primus
498 619 636 677 Tasmuo
660 619 847 676 Iurnnaronr

163 761 226 818 Lex
263 761 414 838 Pompeia,
443 761 575 831 domine,
604 780 663 838 qua
692 759 817 837 Bithyni
847 767 880 817 et
910 759 1024 816 Pontici

123 893 259 955 utuntur,
290 905 349 955 eoS‚
373 888 424 962 qui
447 889 478 940 in
502 883 595 941 bulen
622 905 640 940 a
669 885 843 941 censoribus
871 882 1025 959 leguntur,

122 1009 194 1066 dare
218 1012 379 1085 pecuniam
400 1027 462 1064 non
484 1008 590 1076 iubct;
612 1007 665 1064 sed
687 1011 716 1079 ii,
736 1027 811 1084 quos
835 1007 1028 1084 indulgentia

123 1140 176 1189 tua
190 1130 369 1209 quibusdam
384 1131 555 1188 civitatibus
570 1149 660 1206 super
673 1130 845 1207 legitimum
868 1149 1029 1188 numerum

123 1256 242 1315 adicere
257 1259 403 1334 permisit,
419 1263 451 1312 et
465 1254 583 1331 singula
601 1255 683 1311 miIia
704 1253 897 1311 denariorum
912 1263 948 1312 et
961 1256 1030 1313 bina

124 1379 303 1438 intulemnt.
347 1378 472 1435 Anicius
492 1377 605 1436 deinde
621 1359 771 1435 Maximus
795 1378 959 1455 proconsul
983 1399 1034 1436 eos

127 1507 230 1573 etiam,
264 1505 316 1579 qui
343 1522 360 1558 a
389 1502 562 1560 censoribus
589 1502 776 1577 legerentur,
804 1501 969 1560 dumtaxat
1004 1509 1033 1560 in

127 1628 311 1701 paucissimis
346 1626 518 1681 civitatibus
556 1624 638 1682 aliud
677 1624 743 1681 aliis
781 1629 868 1682 iussit
908 1625 1059 1683 inferre.÷

127 1747 273 1825 Superest
301 1767 385 1824 ergo,
412 1756 447 1806 ut
474 1751 539 1824 ipse
567 1748 716 1824 dispicias,
751 1769 790 1805 an
825 1753 856 1805 in
892 1752 1037 1808 omnibus

127 1873 300 1930 civitatibus
315 1880 432 1929 certum
446 1871 560 1949 aliquid
575 1892 690 1943 omnes,
704 1876 755 1949 qui
766 1870 879 1928 deinde
888 1872 1037 1930 buleutae

128 1971 282 2073 leguntur,
307 1995 441 2053 debeant
456 2016 510 2071 pro
524 2000 650 2053 introitu
672 1995 753 2052 dare.
798 1997 876 2052 Nam
898 1996 985 2071 quod
1009 2001 1036 2051 in

129 2127 311 2196 perpetuum
325 2138 498 2177 mansurum
514 2127 570 2190 est,
585 2139 602 2175 a
616 2128 649 2178 te
663 2123 808 2176 constitui
826 2118 928 2188 decet,
952 2125 1038 2177 cuius

130 2241 218 2300 factis
232 2242 382 2319 dictisque
394 2242 524 2301 debetur
537 2247 710 2301 aeternitas,

528 2489 631 2547 CXIII

441 2621 596 2678 Tauranus
618 2625 723 2680 Pruuo

173 2754 384 2810 Honournruu
407 2753 621 2810 decurionatus
646 2773 760 2825 omnes,
786 2758 837 2831 qui
859 2757 891 2810 in
913 2772 1035 2830 quaque

132 2861 254 2914 civitate
278 2857 438 2934 Bithyniae
459 2858 638 2915 decuriones
659 2859 745 2929 fiunt,
766 2859 877 2915 inierre
900 2859 1032 2917 debeant

132 2979 239 3030 necne,
254 2966 285 3017 in
300 2967 471 3019 universum
485 2981 503 3018 a
517 2983 566 3020 me
581 2984 642 3020 non
657 2972 760 3040 potest
773 2967 873 3022 statui.
910 2964 948 3022 Id
963 2982 1033 3040 ergo

131 3063 212 3138 quod
237 3084 356 3141 semper
379 3072 563 3126 tutissimum
592 3079 648 3141 est,
677 3072 862 3149 sequendam
890 3077 1033 3150 cuiusque
1058 3107 1059 3152 p

134 3187 193 3237 4²0
