2114 3440
299 165 388 222 THE
416 164 600 223 LETTERS
629 166 684 223 OF
713 165 840 222 PLlNY

116 324 312 392 cursitabant,
336 323 539 394 exsultabant,
554 324 751 400 plaudebant,
776 325 978 381 mirabantur
1004 343 1037 379 ac

103 456 229 534 deinde
244 455 378 532 singulos
393 464 497 531 gestus
519 457 659 513 dominae
674 477 742 512 cum
766 460 891 513 canticis
919 457 1035 514 redde·

115 591 191 648 bant
204 608 211 657 3
232 592 284 666 qui
299 589 380 646 nu'nc
402 591 594 664 exiguissima
609 588 719 664 legata,
734 588 893 646 theatralis
918 587 1045 664 operael

117 722 316 792 corollarium,
330 726 482 797 accipient
496 722 534 778 ab
549 720 672 791 herede,
687 725 739 797 qui
754 740 815 777 non
830 723 1007 796 spectabat.

160 857 256 924 Haec,
271 858 340 930 quia
355 854 442 923 soles,
458 857 481 910 si
504 852 576 930 quid
601 851 709 909 incidit
732 856 811 922 novi,
826 872 888 908 non
915 857 1032 910 invitus

117 986 233 1057 audire,
243 986 355 1043 deinde
370 990 439 1063 quia
448 985 613 1043 iucundum
628 993 675 1042 est
686 984 770 1056 mibi,
785 984 866 1062 quod
875 1005 1031 1062 ceperam,

118 1119 262 1194 gaudium
278 1118 438 1175 scribendo
453 1126 625 1176 retractare.
671 1118 798 1175 Gaudeo
812 1122 894 1175 enim
911 1123 1031 1194 pietate

118 1251 292 1321 defunctae,
306 1250 421 1308 bonore
436 1255 543 1326 optimi
557 1256 694 1319 iuvenis;
716 1251 812 1307 laetor
827 1255 932 1321 etiam,
947 1250 1028 1328 quod

118 1384 225 1442 domus
239 1384 401 1460 aliquando
416 1384 447 1440 C.
465 1384 555 1454 Cassi,
571 1383 659 1441 buius
674 1387 725 1460 qui
737 1383 896 1440 Cassianae
906 1382 1028 1439 scholae

119 1523 259 1594 princeps
274 1524 306 1574 et
327 1536 435 1593 parens
458 1517 525 1587 fuit,
540 1521 652 1575 serviet
676 1517 799 1574 domino
821 1537 883 1574 non
907 1520 1025 1573 minori.

120 1648 265 1725 Implebit
300 1652 381 1706 enim
416 1647 499 1704 illam
527 1648 700 1720 Quadratus
728 1668 813 1706 meus
842 1657 875 1706 et
903 1649 1025 1706 decebit

119 1799 280 1856 rursusque
316 1783 344 1836 ei
378 1784 535 1855 pristinam
577 1780 770 1856 dignitatem,
805 1781 1022 1852 celebritatem,

119 1913 245 1989 gloriam
280 1912 399 1984 reddet,
421 1932 489 1969 cum
516 1920 621 1970 tantus
649 1922 749 1971 orator
774 1914 845 1972 inde
867 1916 1019 1990 procedet,

119 2054 250 2126 quantus
264 2051 334 2104 iuris
349 2045 401 2103 ille
415 2045 577 2103 consultus
622 2046 705 2104 Vale.

526 2383 613 2439 XXV

368 2540 398 2599 C.
424 2541 544 2598 Primus
567 2541 649 2598 Ruso
671 2541 732 2599 Suo
753 2542 782 2600 S.

162 2699 190 2757 0
205 2717 348 2763 ouanrun
371 2699 557 2756 eruditorum
579 2708 631 2757 aut
645 2700 794 2758 modestia
817 2707 944 2778 ipsorum
965 2711 1012 2762 aut

121 2834 206 2907 quies
220 2833 319 2905 operit
332 2849 367 2886 ac
381 2830 533 2888 subtrahit
546 2829 663 2888 famae!
708 2832 750 2890 At
764 2853 819 2891 nos
833 2853 884 2891 eos
901 2843 1010 2893 tantum

153 3018 246 3068 “This
269 3023 344 3084 great
367 3020 475 3084 lawyer‚
500 3020 648 3071 descanded
675 3022 743 3072 from
766 3025 812 3074 the
835 3023 935 3076 Cassius
956 3028 1008 3078 who

122 3111 158 3167 62
