2158 3436
346 237 434 293 THE
464 236 647 303 LETTERS
676 237 731 294 OF
761 236 887 294 PLINY

164 397 308 452 effecerat
336 394 492 464 heredem,
521 399 545 451 si
581 403 663 452 esset
698 416 788 452 manu
825 399 919 471 patris
957 400 1062 453 emissa.

165 504 316 562 Emiserat
340 512 436 580 pater,
459 503 658 580 adoptaverat
683 511 818 579 patruus,
839 512 933 580 atque
954 508 998 561 ita
1018 507 1064 559 cir-

163 616 347 688 cumscripto
371 618 558 668 testamento
581 630 702 668 consors
727 609 823 669 frater
848 615 880 666 in
903 614 1000 687 patris
1021 629 1065 686 p0·

161 727 308 777 testatem
332 722 554 795 emancipatam
577 718 668 774 filiam
696 718 869 795 adoptionis
897 717 1005 775 fraude
1025 737 1065 774 re-

162 833 321 882 vocaverat
335 833 368 883 et
382 825 506 902 quidem
521 846 590 883 cum
605 827 712 902 opibus
726 825 926 902 amplissimis

205 933 275 990 Fuit
295 933 406 1009 alioqui
435 931 577 989 fratribus
606 931 665 989 illis
694 937 778 1010 quasi
807 932 871 990 fato
895 932 1013 1003 datum,
1037 937 1062 986 ut

162 1041 271 1098 divites
295 1039 404 1096 fierent
426 1041 612 1097 invitissimis
637 1039 695 1109 iis,1
718 1060 736 1095 a
761 1040 869 1115 quibus
894 1037 969 1095 facti
991 1044 1061 1094 sunt.

164 1146 248 1218 Quin
278 1150 371 1204 etiam
400 1145 553 1203 Domitius
582 1145 667 1217 Afer,
703 1150 754 1223 qui
790 1144 856 1203 illos
890 1150 923 1201 in
959 1161 1063 1202 nomeu

163 1255 342 1331 adsumpsit,
368 1253 491 1330 reliquit
510 1261 730 1311 testamentum
744 1261 817 1310 ante
831 1261 901 1310 octo
915 1260 949 1310 et
963 1252 1062 1309 decem

163 1383 259 1420 annos
275 1369 485 1438 nuncupatum
499 1360 637 1437 adeoque
658 1369 765 1437 postea
785 1333 990 1438 improbatum
1006 1361 1062 1417 sibi.

163 1478 199 1528 ut
216 1475 309 1547 patris
331 1489 435 1527 eorum
456 1470 535 1527 bona
557 1469 771 1545 proscribenda
790 1473 948 1526 curaverit.
994 1469 1062 1525 Mira

164 1578 243 1634 illius
257 1582 412 1654 asperitas
427 1581 502 1634 mira
526 1577 655 1634 felicitas
680 1577 797 1648 horum,
817 1577 896 1633 illius
914 1581 1062 1653 asperitas

164 1688 216 1762 qui
231 1704 357 1741 numero
374 1688 484 1741 civium
494 1684 632 1754 exscidit,
647 1704 739 1760 quem
754 1688 867 1742 socium
882 1688 975 1742 etiam
990 1688 1021 1740 in
1035 1684 1063 1738 li-

166 1791 245 1850 beris
256 1792 372 1862 habuit,
387 1791 517 1849 felicitas
528 1791 644 1862 horum,
656 1792 765 1868 quibus
776 1797 921 1849 successit
929 1795 961 1847 in
971 1790 1061 1847 locum

166 1903 269 1976 patris,
283 1903 334 1976 qui
349 1907 467 1975 patrem
488 1898 664 1957 abstulerat.

206 2007 268 2065 Sed
294 2008 370 2064 haec
394 2027 515 2084 quoque
538 2006 694 2064 hereditas
717 2005 785 2063 Afri
806 2015 842 2065 ut
864 2007 980 2084 reliqua
1003 2025 1061 2064 cum

165 2114 259 2172 fratre
274 2119 411 2191 quaesita
424 2113 662 2171 transmittenda
681 2121 747 2171 erat
762 2113 839 2170 filiae
855 2113 964 2184 fratris,
979 2131 1062 2190 aquo

164 2221 270 2278 Tullus
293 2241 330 2277 ex
351 2240 417 2278 asse
445 2220 534 2277 heres
559 2223 717 2277 institutus
743 2219 956 2296 praelatusque
992 2219 1060 2275 filiae

165 2327 274 2398 fuerat,
284 2335 318 2385 ut
329 2327 548 2394 conciliaretur.
582 2325 651 2397 Quo
661 2325 841 2384 laudabilius
849 2334 1060 2385 testamentum

165 2442 222 2504 est,
248 2433 329 2510 quod
352 2438 460 2510 pietas,
486 2433 569 2503 fides,
584 2432 690 2509 pudor,
712 2436 842 2509 scripsit,
855 2437 887 2489 in
909 2452 969 2509 quo
984 2434 1061 2491 deni-

165 2561 225 2619 que
240 2540 379 2597 omnibus
394 2539 601 2597 adfinitatibus
623 2559 678 2616 pro
699 2544 844 2616 cuiusque
859 2539 954 2597 officio
975 2543 1064 2616 gratia

166 2649 261 2706 relata
289 2656 347 2719 est,
374 2648 471 2706 relata
493 2655 525 2706 et
554 2651 646 2704 uxori.
690 2647 820 2724 Accepit
848 2651 1064 2705 anroenissimas

166 2757 262 2827 villas,
289 2760 408 2832 accepit
435 2776 577 2832 magnam
607 2761 766 2833 pecuniam
795 2777 871 2815 uxor
898 2762 1010 2834 optima
1036 2763 1064 2812 ct

166 2867 387 2940 patientissima
407 2884 442 2920 ac
456 2873 545 2922 tanto
559 2864 667 2922 melius
682 2865 720 2922 de
742 2869 805 2922 viro
825 2870 942 2936 merita,
957 2873 1061 2944 quantu

491 2969 500 3000 ¹
517 2972 550 3020 iis
562 2971 624 3020 add.
640 2971 745 3020 Milller.

524 3097 537 3118 ‘⁴
554 3087 602 3138 See
614 3089 647 3136 iv.
662 3090 715 3137 2η.

968 3053 1056 3065 ...—
