<?xml version="1.0" encoding="UTF-8"?>
<!DOCTYPE html PUBLIC "-//W3C//DTD XHTML 1.0 Transitional//EN"
    "http://www.w3.org/TR/xhtml1/DTD/xhtml1-transitional.dtd">
<html xmlns="http://www.w3.org/1999/xhtml" xml:lang="en" lang="en">
 <head>
  <title>
</title>
<meta http-equiv="Content-Type" content="text/html;charset=utf-8" />
  <meta name='ocr-system' content='tesseract 3.04.00' />
  <meta name='ocr-capabilities' content='ocr_page ocr_carea ocr_par ocr_line ocrx_word'/>
</head>
<body>
  <div class='ocr_page' id='page_1' title='image "./letters01hutcgoog/letters01hutcgoog_0394.png"; bbox 0 0 2150 3444; ppageno 0'>
   <div class='ocr_carea' id='block_1_1' title="bbox 298 219 839 291">
    <p class='ocr_par' dir='ltr' id='par_1_1' title="bbox 298 219 839 291">
     <span class='ocr_line' id='line_1_1' title="bbox 298 219 839 291; baseline -0.015 0"><span class='ocrx_word' id='word_1_1' title='bbox 298 223 387 291; x_wconf 85' lang='lat' dir='ltr'><strong>THE</strong></span> <span class='ocrx_word' id='word_1_2' title='bbox 416 230 600 289; x_wconf 85' lang='lat' dir='ltr'>LETTERS</span> <span class='ocrx_word' id='word_1_3' title='bbox 629 229 684 288; x_wconf 89' lang='lat' dir='ltr'><strong>OF</strong></span> <span class='ocrx_word' id='word_1_4' title='bbox 713 219 839 286; x_wconf 84' lang='lat' dir='ltr'>PLINY</span> 
     </span>
    </p>
   </div>
   <div class='ocr_carea' id='block_1_2' title="bbox 513 465 626 522">
    <p class='ocr_par' dir='ltr' id='par_1_2' title="bbox 513 465 626 522">
     <span class='ocr_line' id='line_1_2' title="bbox 513 465 626 522; baseline 0 0"><span class='ocrx_word' id='word_1_5' title='bbox 513 465 626 522; x_wconf 87' lang='lat' dir='ltr'>LXXV</span> 
     </span>
    </p>
   </div>
   <div class='ocr_carea' id='block_1_3' title="bbox 292 623 838 684">
    <p class='ocr_par' dir='ltr' id='par_1_3' title="bbox 292 623 838 684">
     <span class='ocr_line' id='line_1_3' title="bbox 292 623 838 684; baseline -0.009 -1"><span class='ocrx_word' id='word_1_6' title='bbox 292 627 323 684; x_wconf 89' lang='lat' dir='ltr'><strong>C.</strong></span> <span class='ocrx_word' id='word_1_7' title='bbox 348 626 468 682; x_wconf 70' lang='lat' dir='ltr'><strong>Primus</strong></span> <span class='ocrx_word' id='word_1_8' title='bbox 488 625 627 681; x_wconf 76' lang='lat' dir='ltr'><strong>Tnarano</strong></span> <span class='ocrx_word' id='word_1_9' title='bbox 650 623 838 680; x_wconf 78' lang='lat' dir='ltr'><strong>lurnnaronr</strong></span> 
     </span>
    </p>
   </div>
   <div class='ocr_carea' id='block_1_4' title="bbox 117 778 1036 2041">
    <p class='ocr_par' dir='ltr' id='par_1_4' title="bbox 117 778 1036 2041">
     <span class='ocr_line' id='line_1_4' title="bbox 159 778 1035 858; baseline -0.008 -16"><span class='ocrx_word' id='word_1_10' title='bbox 159 785 268 856; x_wconf 82' lang='lat' dir='ltr'><strong>lutros,</strong></span> <span class='ocrx_word' id='word_1_11' title='bbox 297 783 430 854; x_wconf 90' lang='lat' dir='ltr'><strong>domine,</strong></span> <span class='ocrx_word' id='word_1_12' title='bbox 459 781 576 858; x_wconf 85' lang='lat' dir='ltr'><strong>Largus</strong></span> <span class='ocrx_word' id='word_1_13' title='bbox 604 801 642 838; x_wconf 86' lang='lat' dir='ltr'><strong>ex</strong></span> <span class='ocrx_word' id='word_1_14' title='bbox 668 780 766 837; x_wconf 92' lang='lat' dir='ltr'><strong>Ponto</strong></span> <span class='ocrx_word' id='word_1_15' title='bbox 790 778 931 836; x_wconf 93' lang='lat' dir='ltr'><strong>nondum</strong></span> <span class='ocrx_word' id='word_1_16' title='bbox 958 780 1035 836; x_wconf 90' lang='lat' dir='ltr'><strong>mihi</strong></span> 
     </span>
     <span class='ocr_line' id='line_1_5' title="bbox 117 873 1036 957; baseline -0.008 -18"><span class='ocrx_word' id='word_1_17' title='bbox 117 873 197 948; x_wconf 85' lang='lat' dir='ltr'><strong>visus</strong></span> <span class='ocrx_word' id='word_1_18' title='bbox 224 902 258 938; x_wconf 93' lang='lat' dir='ltr'><strong>ac</strong></span> <span class='ocrx_word' id='word_1_19' title='bbox 286 900 326 938; x_wconf 96' lang='lat' dir='ltr'><strong>ne</strong></span> <span class='ocrx_word' id='word_1_20' title='bbox 353 881 474 938; x_wconf 89' lang='lat' dir='ltr'><strong>auditus</strong></span> <span class='ocrx_word' id='word_1_21' title='bbox 502 879 626 957; x_wconf 91' lang='lat' dir='ltr'><strong>quidem</strong></span> <span class='ocrx_word' id='word_1_22' title='bbox 661 877 791 956; x_wconf 88' lang='lat' dir='ltr'><strong>(scilicet</strong></span> <span class='ocrx_word' id='word_1_23' title='bbox 824 876 943 934; x_wconf 89' lang='lat' dir='ltr'><strong>iudicio</strong></span> <span class='ocrx_word' id='word_1_24' title='bbox 983 885 1036 934; x_wconf 88' lang='lat' dir='ltr'><strong>tuo</strong></span> 
     </span>
     <span class='ocr_line' id='line_1_6' title="bbox 118 975 1035 1058; baseline -0.005 -21"><span class='ocrx_word' id='word_1_25' title='bbox 118 977 261 1058; x_wconf 89' lang='lat' dir='ltr'><strong>credidit)</strong></span> <span class='ocrx_word' id='word_1_26' title='bbox 282 979 540 1054; x_wconf 82' lang='lat' dir='ltr'><strong>dispensationem</strong></span> <span class='ocrx_word' id='word_1_27' title='bbox 561 976 713 1055; x_wconf 87' lang='lat' dir='ltr'><strong>quandam</strong></span> <span class='ocrx_word' id='word_1_28' title='bbox 734 975 808 1033; x_wconf 85' lang='lat' dir='ltr'><strong>milri</strong></span> <span class='ocrx_word' id='word_1_29' title='bbox 826 995 901 1052; x_wconf 87' lang='lat' dir='ltr'><strong>erga</strong></span> <span class='ocrx_word' id='word_1_30' title='bbox 916 984 955 1033; x_wconf 87' lang='lat' dir='ltr'><strong>te</strong></span> <span class='ocrx_word' id='word_1_31' title='bbox 972 981 1035 1052; x_wconf 88' lang='lat' dir='ltr'><strong>pie-</strong></span> 
     </span>
     <span class='ocr_line' id='line_1_7' title="bbox 117 1074 1034 1154; baseline -0.004 -19"><span class='ocrx_word' id='word_1_32' title='bbox 117 1083 189 1136; x_wconf 90' lang='lat' dir='ltr'><strong>tatis</strong></span> <span class='ocrx_word' id='word_1_33' title='bbox 208 1098 279 1135; x_wconf 88' lang='lat' dir='ltr'><strong>suae</strong></span> <span class='ocrx_word' id='word_1_34' title='bbox 300 1081 562 1154; x_wconf 83' lang='lat' dir='ltr'><strong>ministeriumque</strong></span> <span class='ocrx_word' id='word_1_35' title='bbox 582 1075 746 1133; x_wconf 89' lang='lat' dir='ltr'><strong>mandavit.</strong></span> <span class='ocrx_word' id='word_1_36' title='bbox 792 1074 923 1151; x_wconf 80' lang='lat' dir='ltr'><strong>Rogavit</strong></span> <span class='ocrx_word' id='word_1_37' title='bbox 949 1078 1034 1132; x_wconf 91' lang='lat' dir='ltr'><strong>enim</strong></span> 
     </span>
     <span class='ocr_line' id='line_1_8' title="bbox 117 1173 1034 1247; baseline -0.005 -13"><span class='ocrx_word' id='word_1_38' title='bbox 117 1182 314 1247; x_wconf 82' lang='lat' dir='ltr'><strong>testamento,</strong></span> <span class='ocrx_word' id='word_1_39' title='bbox 332 1183 366 1233; x_wconf 91' lang='lat' dir='ltr'><strong>ut</strong></span> <span class='ocrx_word' id='word_1_40' title='bbox 385 1174 588 1233; x_wconf 85' lang='lat' dir='ltr'><strong>hereditatem</strong></span> <span class='ocrx_word' id='word_1_41' title='bbox 609 1195 693 1232; x_wconf 90' lang='lat' dir='ltr'><strong>suam</strong></span> <span class='ocrx_word' id='word_1_42' title='bbox 716 1173 831 1231; x_wconf 87' lang='lat' dir='ltr'><strong>adirem</strong></span> <span class='ocrx_word' id='word_1_43' title='bbox 854 1191 1034 1231; x_wconf 86' lang='lat' dir='ltr'><strong>cernerem-</strong></span> 
     </span>
     <span class='ocr_line' id='line_1_9' title="bbox 118 1269 1034 1353; baseline -0.007 -19"><span class='ocrx_word' id='word_1_44' title='bbox 118 1295 178 1353; x_wconf 87' lang='lat' dir='ltr'><strong>que</strong></span> <span class='ocrx_word' id='word_1_45' title='bbox 192 1296 226 1333; x_wconf 91' lang='lat' dir='ltr'><strong>ac</strong></span> <span class='ocrx_word' id='word_1_46' title='bbox 246 1275 359 1333; x_wconf 89' lang='lat' dir='ltr'><strong>deinde</strong></span> <span class='ocrx_word' id='word_1_47' title='bbox 380 1278 532 1351; x_wconf 85' lang='lat' dir='ltr'><strong>perceptis</strong></span> <span class='ocrx_word' id='word_1_48' title='bbox 553 1276 775 1352; x_wconf 86' lang='lat' dir='ltr'><strong>quinquaginta</strong></span> <span class='ocrx_word' id='word_1_49' title='bbox 795 1269 919 1329; x_wconf 91' lang='lat' dir='ltr'><strong>milibus</strong></span> <span class='ocrx_word' id='word_1_50' title='bbox 943 1292 1034 1328; x_wconf 91' lang='lat' dir='ltr'><strong>num-</strong></span> 
     </span>
     <span class='ocr_line' id='line_1_10' title="bbox 118 1369 1033 1450; baseline -0.005 -20"><span class='ocrx_word' id='word_1_51' title='bbox 118 1394 202 1430; x_wconf 91' lang='lat' dir='ltr'><strong>mum</strong></span> <span class='ocrx_word' id='word_1_52' title='bbox 230 1373 381 1450; x_wconf 88' lang='lat' dir='ltr'><strong>reliquum</strong></span> <span class='ocrx_word' id='word_1_53' title='bbox 409 1393 499 1429; x_wconf 87' lang='lat' dir='ltr'><strong>omne</strong></span> <span class='ocrx_word' id='word_1_54' title='bbox 528 1371 781 1429; x_wconf 85' lang='lat' dir='ltr'><strong>Heracleotarum</strong></span> <span class='ocrx_word' id='word_1_55' title='bbox 807 1377 840 1427; x_wconf 87' lang='lat' dir='ltr'><strong>et</strong></span> <span class='ocrx_word' id='word_1_56' title='bbox 862 1369 1033 1428; x_wconf 81' lang='lat' dir='ltr'><strong>Tianorum</strong></span> 
     </span>
     <span class='ocr_line' id='line_1_11' title="bbox 119 1470 1031 1542; baseline -0.001 -13"><span class='ocrx_word' id='word_1_57' title='bbox 119 1473 290 1529; x_wconf 89' lang='lat' dir='ltr'><strong>civitatibus</strong></span> <span class='ocrx_word' id='word_1_58' title='bbox 305 1470 476 1542; x_wconf 88' lang='lat' dir='ltr'><strong>redderem,</strong></span> <span class='ocrx_word' id='word_1_59' title='bbox 490 1475 533 1527; x_wconf 86' lang='lat' dir='ltr'><strong>ita</strong></span> <span class='ocrx_word' id='word_1_60' title='bbox 548 1479 582 1528; x_wconf 90' lang='lat' dir='ltr'><strong>ut</strong></span> <span class='ocrx_word' id='word_1_61' title='bbox 601 1478 683 1528; x_wconf 88' lang='lat' dir='ltr'><strong>esset</strong></span> <span class='ocrx_word' id='word_1_62' title='bbox 700 1470 816 1526; x_wconf 89' lang='lat' dir='ltr'><strong>arbitrii</strong></span> <span class='ocrx_word' id='word_1_63' title='bbox 836 1473 909 1539; x_wconf 89' lang='lat' dir='ltr'><strong>mei,</strong></span> <span class='ocrx_word' id='word_1_64' title='bbox 925 1477 1031 1528; x_wconf 84' lang='lat' dir='ltr'><strong>utrum</strong></span> 
     </span>
     <span class='ocr_line' id='line_1_12' title="bbox 119 1569 1031 1647; baseline 0 -20"><span class='ocrx_word' id='word_1_65' title='bbox 119 1590 210 1647; x_wconf 89' lang='lat' dir='ltr'><strong>opera</strong></span> <span class='ocrx_word' id='word_1_66' title='bbox 245 1569 393 1640; x_wconf 83' lang='lat' dir='ltr'><strong>facienda,</strong></span> <span class='ocrx_word' id='word_1_67' title='bbox 425 1589 501 1646; x_wconf 91' lang='lat' dir='ltr'><strong>quae</strong></span> <span class='ocrx_word' id='word_1_68' title='bbox 537 1569 644 1626; x_wconf 90' lang='lat' dir='ltr'><strong>honori</strong></span> <span class='ocrx_word' id='word_1_69' title='bbox 677 1575 732 1625; x_wconf 89' lang='lat' dir='ltr'><strong>tuo</strong></span> <span class='ocrx_word' id='word_1_70' title='bbox 766 1578 1031 1640; x_wconf 85' lang='lat' dir='ltr'><strong>consecrarentur,</strong></span> 
     </span>
     <span class='ocr_line' id='line_1_13' title="bbox 119 1664 1032 1746; baseline -0.004 -19"><span class='ocrx_word' id='word_1_71' title='bbox 119 1677 259 1746; x_wconf 83' lang='lat' dir='ltr'><strong>putarem</strong></span> <span class='ocrx_word' id='word_1_72' title='bbox 281 1689 321 1725; x_wconf 88' lang='lat' dir='ltr'><strong>an</strong></span> <span class='ocrx_word' id='word_1_73' title='bbox 342 1667 547 1727; x_wconf 88' lang='lat' dir='ltr'><strong>instituendos</strong></span> <span class='ocrx_word' id='word_1_74' title='bbox 566 1664 808 1746; x_wconf 89' lang='lat' dir='ltr'><strong>quinquennales</strong></span> <span class='ocrx_word' id='word_1_75' title='bbox 828 1687 955 1744; x_wconf 74' lang='lat' dir='ltr'><strong>agonaS,</strong></span> <span class='ocrx_word' id='word_1_76' title='bbox 980 1673 1032 1745; x_wconf 92' lang='lat' dir='ltr'><strong>qui</strong></span> 
     </span>
     <span class='ocr_line' id='line_1_14' title="bbox 119 1765 1032 1843; baseline -0.002 -19"><span class='ocrx_word' id='word_1_77' title='bbox 119 1768 241 1825; x_wconf 88' lang='lat' dir='ltr'><strong>Traiani</strong></span> <span class='ocrx_word' id='word_1_78' title='bbox 267 1766 470 1843; x_wconf 87' lang='lat' dir='ltr'><strong>appellentur.</strong></span> <span class='ocrx_word' id='word_1_79' title='bbox 514 1765 604 1837; x_wconf 79' lang='lat' dir='ltr'><strong>Quod</strong></span> <span class='ocrx_word' id='word_1_80' title='bbox 633 1769 665 1822; x_wconf 89' lang='lat' dir='ltr'><strong>in</strong></span> <span class='ocrx_word' id='word_1_81' title='bbox 689 1769 831 1823; x_wconf 87' lang='lat' dir='ltr'><strong>notitiam</strong></span> <span class='ocrx_word' id='word_1_82' title='bbox 851 1773 939 1823; x_wconf 90' lang='lat' dir='ltr'><strong>tuam</strong></span> <span class='ocrx_word' id='word_1_83' title='bbox 961 1787 1032 1843; x_wconf 87' lang='lat' dir='ltr'><strong>per-</strong></span> 
     </span>
     <span class='ocr_line' id='line_1_15' title="bbox 120 1863 1032 1940; baseline 0 -18"><span class='ocrx_word' id='word_1_84' title='bbox 120 1865 281 1924; x_wconf 90' lang='lat' dir='ltr'><strong>ferendum</strong></span> <span class='ocrx_word' id='word_1_85' title='bbox 303 1868 472 1922; x_wconf 86' lang='lat' dir='ltr'><strong>existimavi</strong></span> <span class='ocrx_word' id='word_1_86' title='bbox 493 1865 533 1922; x_wconf 91' lang='lat' dir='ltr'><strong>ob</strong></span> <span class='ocrx_word' id='word_1_87' title='bbox 553 1863 611 1921; x_wconf 93' lang='lat' dir='ltr'><strong>hoc</strong></span> <span class='ocrx_word' id='word_1_88' title='bbox 632 1866 772 1935; x_wconf 81' lang='lat' dir='ltr'><strong>maxime,</strong></span> <span class='ocrx_word' id='word_1_89' title='bbox 797 1872 831 1922; x_wconf 90' lang='lat' dir='ltr'><strong>ut</strong></span> <span class='ocrx_word' id='word_1_90' title='bbox 852 1864 1032 1940; x_wconf 87' lang='lat' dir='ltr'><strong>dispiceres,</strong></span> 
     </span>
     <span class='ocr_line' id='line_1_16' title="bbox 119 1962 473 2041; baseline 0 -21"><span class='ocrx_word' id='word_1_91' title='bbox 119 1962 193 2041; x_wconf 93' lang='lat' dir='ltr'><strong>quid</strong></span> <span class='ocrx_word' id='word_1_92' title='bbox 207 1962 321 2038; x_wconf 87' lang='lat' dir='ltr'><strong>eligere</strong></span> <span class='ocrx_word' id='word_1_93' title='bbox 336 1962 473 2020; x_wconf 90' lang='lat' dir='ltr'><strong>debeam.</strong></span> 
     </span>
    </p>
   </div>
   <div class='ocr_carea' id='block_1_5' title="bbox 511 2152 640 2210">
    <p class='ocr_par' dir='ltr' id='par_1_5' title="bbox 511 2152 640 2210">
     <span class='ocr_line' id='line_1_17' title="bbox 511 2152 640 2210; baseline -0.008 0"><span class='ocrx_word' id='word_1_94' title='bbox 511 2152 640 2210; x_wconf 89' lang='lat' dir='ltr'>LXXVI</span> 
     </span>
    </p>
   </div>
   <div class='ocr_carea' id='block_1_6' title="bbox 432 2312 714 2370">
    <p class='ocr_par' dir='ltr' id='par_1_6' title="bbox 432 2312 714 2370">
     <span class='ocr_line' id='line_1_18' title="bbox 432 2312 714 2370; baseline -0.004 -1"><span class='ocrx_word' id='word_1_95' title='bbox 432 2312 587 2369; x_wconf 67' lang='lat' dir='ltr'><strong>Turrinus</strong></span> <span class='ocrx_word' id='word_1_96' title='bbox 609 2313 714 2370; x_wconf 76' lang='lat' dir='ltr'><strong>Panno</strong></span> 
     </span>
    </p>
   </div>
   <div class='ocr_carea' id='block_1_7' title="bbox 143 2457 1030 2548">
    <p class='ocr_par' dir='ltr' id='par_1_7' title="bbox 143 2457 1030 2548">
     <span class='ocr_line' id='line_1_19' title="bbox 143 2457 1030 2548; baseline 0.008 -20"><span class='ocrx_word' id='word_1_97' title='bbox 143 2457 262 2529; x_wconf 69' lang='lat' dir='ltr'><strong>&#39;Iunius</strong></span> <span class='ocrx_word' id='word_1_98' title='bbox 283 2469 404 2527; x_wconf 78' lang='lat' dir='ltr'><strong>Lassus</strong></span> <span class='ocrx_word' id='word_1_99' title='bbox 425 2470 516 2527; x_wconf 88' lang='lat' dir='ltr'><strong>fidem</strong></span> <span class='ocrx_word' id='word_1_100' title='bbox 537 2478 633 2540; x_wconf 88' lang='lat' dir='ltr'><strong>tuam,</strong></span> <span class='ocrx_word' id='word_1_101' title='bbox 651 2473 736 2548; x_wconf 89' lang='lat' dir='ltr'><strong>quasi</strong></span> <span class='ocrx_word' id='word_1_102' title='bbox 757 2475 789 2527; x_wconf 93' lang='lat' dir='ltr'><strong>te</strong></span> <span class='ocrx_word' id='word_1_103' title='bbox 811 2470 891 2528; x_wconf 92' lang='lat' dir='ltr'><strong>bene</strong></span> <span class='ocrx_word' id='word_1_104' title='bbox 911 2483 1030 2547; x_wconf 83' lang='lat' dir='ltr'><strong>nosset,</strong></span> 
     </span>
    </p>
   </div>
   <div class='ocr_carea' id='block_1_8' title="bbox 120 2577 1030 2971">
    <p class='ocr_par' dir='ltr' id='par_1_8' title="bbox 120 2577 1030 2971">
     <span class='ocr_line' id='line_1_20' title="bbox 120 2577 1029 2656; baseline 0.006 -19"><span class='ocrx_word' id='word_1_105' title='bbox 120 2579 223 2656; x_wconf 88' lang='lat' dir='ltr'><strong>elegit.</strong></span> <span class='ocrx_word' id='word_1_106' title='bbox 280 2578 364 2650; x_wconf 86' lang='lat' dir='ltr'><strong>Quid</strong></span> <span class='ocrx_word' id='word_1_107' title='bbox 398 2598 470 2655; x_wconf 86' lang='lat' dir='ltr'><strong>ergo</strong></span> <span class='ocrx_word' id='word_1_108' title='bbox 502 2581 691 2653; x_wconf 89' lang='lat' dir='ltr'><strong>potissimum</strong></span> <span class='ocrx_word' id='word_1_109' title='bbox 719 2577 756 2635; x_wconf 90' lang='lat' dir='ltr'><strong>ad</strong></span> <span class='ocrx_word' id='word_1_110' title='bbox 785 2582 1029 2654; x_wconf 85' lang='lat' dir='ltr'><strong>perpetuitatem</strong></span> 
     </span>
     <span class='ocr_line' id='line_1_21' title="bbox 120 2683 1030 2761; baseline 0.004 -18"><span class='ocrx_word' id='word_1_111' title='bbox 120 2690 282 2744; x_wconf 88' lang='lat' dir='ltr'><strong>memoriae</strong></span> <span class='ocrx_word' id='word_1_112' title='bbox 311 2689 375 2742; x_wconf 89' lang='lat' dir='ltr'><strong>eius</strong></span> <span class='ocrx_word' id='word_1_113' title='bbox 399 2684 499 2755; x_wconf 87' lang='lat' dir='ltr'><strong>faciat,</strong></span> <span class='ocrx_word' id='word_1_114' title='bbox 518 2683 685 2741; x_wconf 87' lang='lat' dir='ltr'><strong>secundum</strong></span> <span class='ocrx_word' id='word_1_115' title='bbox 707 2687 854 2761; x_wconf 90' lang='lat' dir='ltr'><strong>cuiusque</strong></span> <span class='ocrx_word' id='word_1_116' title='bbox 874 2683 932 2741; x_wconf 91' lang='lat' dir='ltr'><strong>loci</strong></span> <span class='ocrx_word' id='word_1_117' title='bbox 954 2707 1030 2747; x_wconf 92' lang='lat' dir='ltr'><strong>con-</strong></span> 
     </span>
     <span class='ocr_line' id='line_1_22' title="bbox 120 2790 1028 2870; baseline 0.008 -21"><span class='ocrx_word' id='word_1_118' title='bbox 120 2793 271 2849; x_wconf 91' lang='lat' dir='ltr'><strong>dicionem</strong></span> <span class='ocrx_word' id='word_1_119' title='bbox 285 2796 349 2866; x_wconf 89' lang='lat' dir='ltr'><strong>ipse</strong></span> <span class='ocrx_word' id='word_1_120' title='bbox 361 2790 486 2866; x_wconf 82' lang='lat' dir='ltr'><strong>dispice,</strong></span> <span class='ocrx_word' id='word_1_121' title='bbox 498 2799 531 2849; x_wconf 87' lang='lat' dir='ltr'><strong>et</strong></span> <span class='ocrx_word' id='word_1_122' title='bbox 542 2790 623 2868; x_wconf 90' lang='lat' dir='ltr'><strong>quod</strong></span> <span class='ocrx_word' id='word_1_123' title='bbox 635 2795 784 2866; x_wconf 91' lang='lat' dir='ltr'><strong>optimum</strong></span> <span class='ocrx_word' id='word_1_124' title='bbox 797 2795 1028 2870; x_wconf 63' lang='lat' dir='ltr'><strong>existimaveris</strong></span> 
     </span>
     <span class='ocr_line' id='line_1_23' title="bbox 121 2914 256 2971; baseline 0 -19"><span class='ocrx_word' id='word_1_125' title='bbox 121 2914 256 2971; x_wconf 85' lang='lat' dir='ltr'><strong>sequere.</strong></span> 
     </span>
    </p>
   </div>
   <div class='ocr_carea' id='block_1_9' title="bbox 126 3167 184 3237">
    <p class='ocr_par' dir='ltr' id='par_1_9' title="bbox 126 3167 184 3237">
     <span class='ocr_line' id='line_1_24' title="bbox 126 3167 184 3237; baseline 0 0"><span class='ocrx_word' id='word_1_126' title='bbox 126 3167 184 3237; x_wconf 72' lang='lat'><strong>376</strong></span> 
     </span>
    </p>
   </div>
   <div class='ocr_carea' id='block_1_10' title="bbox 0 0 1082 3444">
    <p class='ocr_par' dir='ltr' id='par_1_10' title="bbox 0 0 1082 3444">
     <span class='ocr_line' id='line_1_25' title="bbox 0 0 1082 3444; baseline 0 0"><span class='ocrx_word' id='word_1_127' title='bbox 0 0 1082 3444; x_wconf 95' lang='lat' dir='ltr'><strong> </strong></span> 
     </span>
    </p>
   </div>
  </div>
 </body>
</html>
