2150 3444
315 226 404 285 THE
433 227 617 285 LETTERS
646 226 702 285 OF
731 226 859 284 PLINY

133 391 165 443 in
186 407 220 444 re
240 389 279 447 ad
302 386 477 464 exemplum
502 390 680 463 pertinenti,
709 386 771 444 dixi
799 389 929 463 utrique
959 390 1061 464 parti*

134 490 169 539 ut
189 483 428 558 postulationum
450 501 570 537 suarum
592 479 710 539 libellos
731 481 849 538 darent.
896 481 1043 539 Volebam
1060 499 1061 554 l

134 580 216 632 enim
238 585 270 634 te
295 581 428 652 ipsorum
452 578 642 650 potissimum
666 575 765 632 verbis
790 594 835 646 ea,
855 594 940 652 quae
962 583 1046 633 erant

134 676 296 748 proposita,
311 689 502 748 cognoscere.
546 669 587 726 Et
603 668 684 726 Dion
699 667 820 746 quidem
844 689 878 727 se
902 670 1045 728 daturum
1060 697 1061 714 κ

133 765 211 822 dixit
228 773 261 823 et
280 763 446 840 Eumolpus
465 763 623 840 respondit
637 763 865 840 complexurum
881 784 918 821 se
933 765 1046 832 libello,

133 879 211 936 quae
232 859 416 936 reipublicae
438 865 569 934 peteret,
585 865 731 930 ceterum,
746 856 828 934 quod
847 858 888 914 ad
909 859 1044 934 sepultos

133 957 312 1030 pertineret,
327 972 389 1008 non
402 959 608 1008 accusatorem
623 971 665 1022 se,
680 951 734 1009 sed
755 951 942 1009 advocatum
967 953 1044 1009 Flavi

134 1046 291 1122 Archippi,
306 1050 390 1104 cuius
404 1045 548 1102 mandata
567 1043 750 1121 pertulisset.
794 1045 986 1122 ArchippuS,
1002 1050 1044 1103 cui

134 1140 300 1216 Eumolpus
315 1143 394 1197 sicut
409 1138 552 1198 Prusiade
572 1139 748 1210 adsistebat,
763 1138 842 1196 dixit
856 1159 891 1197 se
906 1141 1045 1198 libellum

133 1234 284 1292 daturum.
328 1233 466 1290 At1nec
488 1233 654 1310 Eumolpus
676 1252 733 1290 nee
755 1232 933 1309 Archippus
958 1255 1045 1312 quam

133 1329 269 1404 plurimis
297 1327 406 1385 diebus
434 1331 612 1403 exspectati,
631 1325 731 1383 adhuc
752 1326 826 1383 mihi
848 1326 976 1386 libellos
998 1331 1046 1386 de-

133 1424 266 1492 derunt;
288 1421 369 1480 Dion
384 1421 480 1493 dedit,
496 1441 587 1498 quem
602 1421 672 1478 huic
687 1421 836 1496 epistulae
851 1425 951 1479 iunxi.

175 1517 244 1593 lpse
280 1521 311 1572 in
340 1536 372 1573 re
400 1519 555 1592 praesenti
583 1515 627 1572 fui
655 1523 688 1573 et
716 1514 778 1571 vidi
806 1523 893 1572 tuam
922 1537 1045 1594 quoque

134 1619 265 1677 statuam
293 1615 325 1667 in
353 1611 539 1669 bibliotheca
566 1615 706 1687 positam,
726 1609 758 1666 id
785 1618 902 1682 autem,
922 1614 959 1667 in
989 1633 1047 1689 quo

133 1706 277 1762 dicuntur
295 1705 407 1780 sepulti
427 1704 504 1762 filius
524 1713 557 1762 et
578 1724 653 1763 uxor
675 1704 791 1776 Dionis,
807 1709 838 1760 in
859 1725 931 1763 area
955 1706 1048 1764 collo

134 1808 244 1870 catum,
260 1819 337 1876 quae
352 1801 517 1874 porticibus
532 1797 705 1856 includitur.
748 1799 803 1869 Te,
812 1799 950 1872 domine,
963 1821 1047 1877 rogo.

133 1902 169 1951 ut
196 1914 245 1950 me
273 1897 305 1950 in
330 1893 387 1949 hoc
409 1898 570 1969 praecipue
592 1912 707 1970 genere
728 1897 912 1969 cognitionis
935 1915 1046 1972 regere

133 1989 277 2064 digneriS,
306 2007 373 2045 cum
410 1985 522 2065 alioqui
556 2008 667 2064 magna
702 1991 742 2045 sit
777 1994 982 2065 exspectatio,
1015 1999 1046 2048 ut

133 2090 319 2140 necesseest
338 2086 423 2139 inea
443 2102 486 2152 re,
501 2102 578 2158 quae
601 2090 633 2140 et
653 2086 687 2138 in
708 2081 880 2140 confessum
903 2089 994 2142 venit
1020 2093 1047 2142 et

134 2176 281 2253 exemplis
294 2175 481 2248 defenditur,
496 2175 674 2233 deliberare.

512 2387 660 2446 LXXXII

447 2512 602 2569 Tamarus
625 2511 729 2568 Primo

175 2630 315 2689 Porursm
351 2652 413 2688 non
451 2633 587 2703 haerere,
623 2636 664 2688 mi
700 2631 841 2689 Secunde
875 2637 1061 2716 carissimep

134 2728 213 2780 circa
234 2723 264 2779 id
290 2723 330 2780 de
355 2742 416 2798 quo
437 2741 486 2778 me
516 2721 735 2779 consulendum
758 2724 952 2792 existimasti,
978 2717 1061 2784 euml

135 2815 323 2885 propositum
356 2831 458 2867 meum
494 2816 609 2887 optime
644 2831 747 2869 nosses
782 2831 844 2867 non
880 2831 918 2868 ex
960 2827 1046 2875 metu

412 2914 421 2944 ¹
438 2922 468 2965 at
479 2915 609 2978 Seboeser,
624 2918 663 2966 ita
674 2934 700 2975 a,
714 2917 764 2968 Ao.

168 3037 180 3058 ⁰
197 3027 238 3076 ic.
253 3028 280 3076 oi
299 3029 344 3078 the
361 3033 502 3094 emperor’s
518 3037 607 3081 statue
625 3033 703 3098 being
721 3036 748 3083 iu
765 3035 812 3084 the
829 3050 901 3084 same
919 3033 1061 3104 building‘

135 3090 201 3138 with
214 3090 281 3140 dead
293 3092 392 3144 bodies.

139 3157 196 3228 386
