2114 3440
328 143 416 200 THE
445 141 628 200 LETTERS
656 142 711 200 OF
740 141 868 199 PLINY

146 308 257 380 accipe.
303 301 398 378 Cupio
413 306 494 358 enim
509 310 542 358 et
556 303 612 358 tibi
627 301 787 376 probatum
802 308 835 356 et
849 299 1015 359 coheredi

146 422 222 474 meis
237 425 413 474 excusatum
428 437 504 486 esse,
519 416 599 493 quod
615 436 663 472 me
678 417 716 472 ab
738 415 796 472 illis
818 419 932 472 maiore
965 419 1028 474 offl

146 534 272 590 iubente
287 552 419 590 secerno.

187 646 347 704 Corelliam
362 667 431 704 cum
445 667 562 704 summa
576 650 747 704 reverentia
761 645 856 722 diligo
870 649 1026 722 primum

146 781 278 820 sororem
293 762 404 819 Corelli
427 763 502 832 Rufi,
518 766 601 819 cuius
615 762 691 819 mihi
704 767 849 820 memoria
863 781 1025 821 sacrosan

147 884 205 946 esi,
227 877 340 934 deinde
368 885 404 934 ui
428 881 517 935 matri
544 897 630 934 meae
660 876 931 934 familiarissimam.
985 869 1041 940 Sul

149 993 224 1049 milri
239 1001 271 1050 et
286 1013 355 1050 cum
369 997 478 1052 marito
492 997 566 1064 eius,
583 995 709 1051 Minicio
732 994 827 1064 Iusto,
841 994 963 1068 optimo
991 969 1041 1052 vil

147 1116 251 1166 vetera
278 1113 362 1166 iura:
397 1109 522 1167 fuerunt
550 1117 582 1166 et
610 1129 678 1166 curn
714 1109 774 1165 lilio
808 1113 950 1179 maxima,
986 1111 1041 1168 adl

147 1223 280 1298 quidem,
309 1232 344 1282 ut
371 1233 510 1300 praetore
545 1245 594 1282 me
629 1225 709 1282 ludis
742 1225 818 1280 meis
854 1225 1041 1324 praesederl

149 1339 245 1411 Haec,
260 1361 329 1397 curn
350 1345 485 1416 proxime
508 1345 576 1398 istic
601 1340 654 1411 fui,
677 1339 822 1397 indicavit
843 1339 917 1396 mihi
942 1359 1041 1416 cupa

147 1473 179 1511 se
194 1455 307 1532 aliquid
322 1459 399 1512 circa
415 1456 536 1512 Larium
557 1464 693 1513 nostrum
715 1455 876 1532 possidere.
921 1455 995 1529 Ego
1021 1455 1041 1514 il

147 1589 185 1626 ex
199 1569 330 1644 praediis
344 1553 430 1640 meis,'
444 1570 526 1648 quod
541 1570 634 1628 vellet
649 1579 681 1629 et
702 1576 808 1648 quanti
830 1568 933 1640 vellet,
956 1543 1041 1632 obul

147 1685 283 1761 ericepiis
298 1684 433 1757 paternis
450 1683 677 1756 maternisque3
706 1681 753 1737 his
778 1684 860 1737 enim
881 1678 996 1737 cedere
1020 1693 1041 1738 η

148 1791 295 1848 Corelliae
323 1790 447 1867 quidem
476 1809 605 1868 possum.
651 1789 748 1868 Igitur
776 1810 845 1847 cum
880 1791 1041 1876 obvenisse

147 1901 222 1958 mihi
237 1901 401 1973 hereditas
415 1905 447 1958 in
462 1921 521 1979 qua
535 1901 659 1978 praedia
677 1883 744 1972 ista,
759 1905 864 1976 scripsi
886 1904 914 1958 ei
936 1885 1041 1958 venalil

147 2012 257 2070 futura.
302 2013 368 2070 Has
383 2012 527 2089 epistulas
550 2012 682 2071 Hermes
703 2012 776 2070 tulit
797 2014 1006 2088 exigentique,
1020 2019 1041 2068 u

148 2098 251 2180 statim
266 2127 437 2199 portionem
451 2143 551 2180 meam
565 2124 622 2180 sibi
637 2121 803 2192 addiceret,
818 2125 926 2198 paruit.

191 2233 291 2304 Vides,
307 2253 397 2310 quam
412 2240 511 2290 ratum
525 2232 638 2290 habere
660 2233 798 2304 debeam,
820 2231 902 2309 quod
926 2232 1041 2290 libertus

147 2363 233 2401 meus
255 2347 331 2400 meis
353 2345 486 2401 moribus
509 2348 611 2420 gessii.
656 2342 812 2418 Superest,
834 2351 869 2400 ut
888 2341 1041 2400 coheredes

148 2475 246 2532 aequo
271 2459 372 2512 animo
395 2454 496 2512 ferani
520 2459 682 2532 separatim
704 2473 753 2511 me
775 2454 955 2525 vendidisse,
970 2451 1041 2532 quod

148 2565 222 2622 milri
237 2566 323 2623 licuit
337 2570 460 2622 omnino
475 2587 536 2622 non
551 2565 693 2624 vendere.
737 2564 803 2622 Nec
818 2584 889 2622 vero
904 2573 1041 2640 coguntur

148 2681 259 2734 imitari
286 2696 389 2734 meum
424 2677 617 2754 exemplum3
655 2696 717 2733 non
748 2680 831 2734 enim
859 2676 918 2732 illis
944 2676 1037 2732 eadem

148 2809 218 2846 cum
239 2787 366 2846 Corellia
389 2793 461 2845 iura.
506 2788 635 2846 Possunt
657 2807 730 2864 ergo
752 2791 864 2845 intueri
886 2787 1034 2844 utilitatem

148 2920 241 2972 suam,
257 2920 311 2976 pro
325 2921 384 2978 qua
397 2900 472 2957 mihi
486 2899 544 2966 fuit
558 2904 696 2957 amicitia.
740 2899 823 2956 Vale.

150 3106 187 3163 30
