2158 3436
335 205 424 262 THE
453 203 636 262 LETTERS
665 203 720 261 OF
750 155 876 258 Ptlux
1063 249 1064 292 l

152 369 249 442 magis
277 372 325 421 est
353 361 547 439 reprehensa,
575 360 657 437 quod
685 363 797 436 nupsit.
842 358 921 414 Nam
951 319 1064 414 mulierl

154 502 304 558 natalibus
327 499 414 570 clara,
440 498 572 554 moribus
601 493 703 574 proba,
726 502 828 552 aetate
851 494 987 564 declivis,
1005 492 1051 549 diu

155 638 255 707 vidua,
289 643 387 694 mater
421 635 493 690 olim
528 626 644 709 parum'
670 632 781 689 decore
816 637 920 688 secuta
955 632 1052 685 matri-

154 777 289 830 monium
310 772 469 829 videbatur
497 770 599 827 divitis
627 773 707 826 senis
735 772 779 826 ita
806 767 918 844 perditi
943 768 1051 835 morbo,

154 918 189 968 ut
213 929 279 972 esse
298 909 400 966 taedio
423 915 526 984 posset
548 910 643 976 uxori,
655 926 745 984 quam
767 909 885 964 iuvenis
907 895 1064 984 sanusqueq

1063 989 1064 1008 i

154 1046 298 1103 duxisset.

194 1181 316 1256 Quippe
330 1180 469 1236 omnibus
480 1179 623 1235 membris
634 1184 772 1235 extortus
782 1185 814 1234 et
829 1143 943 1234 fractus
958 1184 1052 1233 tantas

153 1339 225 1396 opes
248 1313 317 1376 solis
342 1317 435 1374 oculis
450 1317 555 1373 obibat
569 1335 604 1372 ac
624 1335 663 1372 ne
682 1319 715 1371 in
732 1301 846 1372 lectulo
861 1313 987 1391 quidem
1002 1317 1064 1402 nisi3

152 1453 191 1508 ab
213 1451 278 1507 aliis
303 1449 489 1506 movebatur.
535 1446 732 1518 Quinetiam
755 1446 891 1522 (foedum
913 1449 1052 1504 miseran-

152 1583 286 1661 dumque
310 1581 407 1656 dictu)
431 1579 541 1636 dentes
565 1578 709 1637 lavandos
734 1578 948 1656 fricandosque
973 1599 1052 1656 prae-

153 1717 252 1772 bebat.
277 1685 425 1770 Auditum
450 1711 630 1788 frequenter
652 1731 689 1769 ex
704 1711 765 1782 illo,
790 1731 859 1768 cum
878 1720 1052 1787 quereretur

152 1847 191 1904 de
205 1846 396 1903 contumeliis
419 1845 586 1902 debilitatis
610 1864 693 1916 suae,
715 1844 827 1920 digitos
847 1863 879 1902 se
903 1864 1050 1902 servorum

151 1999 273 2036 suorum
295 1977 433 2055 quotidie
456 1977 582 2054 lingere.
628 1977 757 2034 Vivebat
771 1984 876 2035 tamen
900 1986 933 2035 et
958 1982 1050 2036 vivere

152 2111 274 2168 volebat
287 2117 481 2168 sustentante
502 2113 632 2166 maxime
655 2128 758 2180 uxore,
773 2129 851 2186 quae
873 2110 993 2186 culpam
1014 2115 1050 2166 in-

152 2245 253 2301 choati
267 2246 452 2300 matrimonii
467 2246 498 2298 in
513 2243 640 2318 gloriam
654 2247 880 2318 perseverantia
895 2251 1034 2301 verterat.

195 2376 300 2432 Habes
329 2393 434 2430 omnes
462 2371 578 2430 fabulas
613 2374 713 2441 urbis;
748 2394 819 2431 nam
853 2382 924 2432 sunt
952 2394 1051 2432 onmes

153 2508 273 2566 fabulae
287 2506 402 2564 Tullus.
426 2506 630 2582 Exspectatur
649 2510 759 2564 auctio.
805 2507 875 2564 Fuit
897 2511 979 2564 enim
994 2516 1050 2565 tam

153 2643 300 2716 copiosus
325 2646 360 2696 ut
373 2638 572 2715 amplissimos
596 2638 700 2696 hortos
723 2638 841 2708 eodem,
856 2658 917 2716 quo
931 2647 1050 2708 emerat,

106 2811 110 2818 -
153 2771 204 2828 die
232 2774 411 2829 instruxerit
447 2771 583 2846 plurimis
620 2778 653 2828 et
688 2774 904 2847 antiquissimis
938 2775 1048 2828 statuis.

153 2903 286 2959 Tantum
300 2901 344 2957 illi
366 2900 637 2977 pulcherrimorum
652 2909 779 2977 operum
793 2907 825 2958 in
840 2901 963 2973 horreis,
978 2921 1049 2980 quae

154 3033 406 3110 neglegebantur.
451 3032 586 3090 Invicem
609 3041 653 3104 tu,
679 3038 703 3090 si
729 3033 802 3110 quid
830 3038 900 3092 istic
927 3034 1048 3112 epistula

158 3159 215 3218 150
