2114 3440
310 189 400 248 THE
429 189 611 248 LETTERS
638 190 694 248 OF
722 189 849 246 PLINY

128 351 261 409 Tantum
275 350 328 409 ille
342 350 455 429 populo
467 350 568 409 dabat.
613 350 707 407 Recte
728 370 767 406 an
789 369 885 422 secus,
903 351 990 409 nihil
1007 353 1048 412 ad

127 477 185 515 me.
229 457 296 534 Ego
320 461 402 515 enim
427 477 488 514 non
510 457 656 534 populum
677 456 834 528 advocare,
856 457 911 515 sed
935 468 1048 532 certor

129 564 303 642 electosque
326 564 419 635 soleo,
438 583 512 642 quos
532 567 662 634 intuear,
684 564 793 640 quibus
812 563 946 635 credam,
962 585 1048 648 quos

128 672 261 750 denique
276 681 309 730 et
323 680 477 749 tamquam
492 671 625 748 singulos
640 672 797 729 observem
824 679 857 729 et
876 678 1048 750 tamquam

127 800 188 837 non
203 780 337 856 singulos
350 784 483 838 timeam.
523 779 611 850 Nam,
625 780 706 857 quod
722 779 764 838 M.
780 779 885 837 Cicero
898 779 939 837 de
955 775 1048 882 Sffl‘ss

127 907 184 964 ego
203 887 242 945 de
263 895 348 945 metu
370 891 476 945 sentio.
520 886 640 944 ‘Timor
661 895 717 958 est,
740 890 832 945 timor
853 875 1048 974 emendat-«32¹

126 995 350 1070 asperrimus’l
407 995 476 1052 Hoc
510 998 620 1070 ipsum,
647 993 728 1072 quod
763 1013 818 1052 nos
852 998 1048 1053 recitaturo

126 1104 304 1177 cogitamus,
332 1101 485 1172 emendat,
513 1100 592 1178 quod
621 1100 804 1159 auditorium
834 1100 1033 1198 ingredimar*
1044 1171 1048 1200 1

126 1207 280 1278 emendat,
289 1207 370 1284 quod
380 1207 538 1284 pallemus,
547 1207 755 1278 horrescimus,
766 1203 1048 1286 circumspicimugh¹

125 1315 277 1372 emendat.

167 1420 297 1479 Proinde
331 1441 393 1478 non
427 1425 565 1496 paenitet
599 1440 648 1478 me
676 1420 905 1478 consuetudinis
988 1405 1048 1494 aes

125 1547 215 1605 quam
238 1529 427 1586 utilissimam
452 1532 599 1604 experior,
623 1527 760 1605 adeoque
788 1548 849 1584 non
874 1433 1046 1613 kg&

125 1635 323 1692 sermunculis
352 1639 487 1706 istorum,
514 1642 550 1692 ut
571 1634 653 1692 ultro
677 1642 709 1692 te
737 1655 851 1711 rogem,
879 1645 1048 1696 monstres*

124 1740 249 1818 aliquid,
273 1741 352 1818 quod
379 1741 424 1798 his
452 1741 569 1799 addam.
614 1741 698 1797 Nihil
723 1745 805 1798 enim
829 1761 918 1799 curae
943 1739 1043 1803 meae?

124 1851 196 1904 satis
219 1855 274 1905 est,
318 1849 436 1924 Cogito,
450 1853 540 1925 quam
561 1852 601 1905 sit
622 1867 766 1924 magnum
781 1847 854 1905 dare
868 1848 985 1925 aliquid
1002 1855 1048 1928 inq

124 1971 230 2012 manus
253 1954 419 2025 hominum,
442 1974 498 2012 nec
519 1955 701 2030 persuadere
724 1954 798 2011 mihi
823 1974 944 2030 possum
966 1976 1034 2019 nou

124 2068 239 2118 etcum
254 2060 358 2119 multis
380 2069 412 2119 et
433 2080 522 2139 saepe
541 2061 745 2132 tractandum,
760 2061 841 2138 quod
860 2060 982 2137 placere
1000 2075 1033 2124 et

123 2187 244 2244 semper
258 2176 291 2226 et
305 2169 442 2226 omnibus
457 2173 566 2245 cupias.
612 2168 693 2226 Vale.

520 2489 625 2546 xvru
670 2471 675 2482 '

348 2646 379 2702 C.
404 2646 524 2702 Pmruus
546 2646 675 2703 Csuuuo
697 2647 758 2704 Suo
780 2647 808 2704 S.

163 2804 331 2861 Dmmunus
367 2824 495 2875 mecum,
530 2824 621 2881 quem
655 2804 694 2862 ad
728 2806 852 2863 modum
886 2814 1027 2884 pecunia,

121 2931 211 2987 quarn
235 2913 435 2988 municipibus
454 2915 564 2970 nostris
586 2915 618 2968 in
641 2913 765 2988 epulum
788 2913 932 2984 obtulisti,
955 2928 1026 2990 post

390 3043 398 3073 ¹
415 3043 469 3094 Cio.
483 3045 514 3093 de
527 3042 599 3095 Orat.
614 3044 632 3093 i.
645 3045 685 3104 33,
702 3046 754 3094 150.

123 3152 162 3205 44
