2160 3438
310 226 398 283 THE
428 225 612 284 LETTERS
642 225 697 284 OF
727 227 854 284 PLINY

554 456 612 515 LII

306 600 337 657 C.
362 600 482 657 Patruus
502 599 642 658 Tnararvo
665 599 853 659 Innuns‘ronr

171 743 263 812 Disu,
307 741 441 811 domine,
476 759 536 817 quo
579 745 706 798 servasti
747 745 923 818 imperinm,
972 743 1047 800 dum

128 861 263 933 suscipis,
277 865 391 933 quanta
405 858 530 913 mereris
544 855 673 928 laetitia,
687 855 907 915 celebravimus
924 863 1046 934 precati

130 975 212 1044 deos,
228 982 262 1031 ut
277 981 308 1030 te
324 975 430 1047 generi
444 971 588 1041 humano,
602 974 686 1029 cuius
711 971 810 1029 tutela
834 979 867 1029 et
892 979 1046 1031 securitas

130 1091 220 1148 saluti
233 1097 305 1146 tuae
326 1091 424 1144 innIsa
438 1094 495 1157 est,
510 1085 693 1144 incolumem
713 1085 939 1164 florentemque
963 1109 1047 1165 prae-

131 1213 255 1264 starent.
301 1202 484 1260 Praeivimus
498 1209 532 1260 et
546 1201 801 1259 commilitonibus
815 1205 861 1258 ius
876 1204 1045 1261 iurandum

131 1342 215 1379 more
247 1320 374 1377 solemni
402 1319 626 1395 praestantibus
654 1326 686 1376 et
714 1318 966 1395 provincialibus,
995 1325 1046 1397 qui

132 1436 239 1494 eadem
255 1442 411 1492 certarunt
431 1438 558 1510 pietate,
572 1435 751 1491 iurantibus

548 1639 623 1697 LIII

443 1784 598 1841 Taarnuus
622 1783 726 1840 Ptnvro

174 1926 303 1999 Quslvr's
337 1927 483 2002 religione
513 1945 547 1981 ac
575 1925 692 1981 laetitia
720 1923 945 1981 commilitones
974 1946 1041 1982 cum

132 2041 363 2120 provincialibus
385 2050 418 2100 te
442 2049 610 2118 praeeunte
634 2040 716 2098 diem
737 2043 855 2117 imperii
876 2044 940 2097 mei
963 2041 1043 2098 cele-

133 2159 295 2227 braverint,
310 2156 452 2226 libenter,
466 2159 508 2212 mi
522 2155 662 2214 Secunde
683 2158 844 2225 carissime,
858 2160 990 2230 cognovi
1007 2177 1042 2213 ex

134 2272 244 2330 litteris
265 2275 334 2329 tuis

551 2393 620 2450 LIV

312 2535 343 2592 C.
370 2533 490 2591 Primus
511 2533 649 2591 Tasiarvo
673 2534 860 2591 luuansroru
916 2569 920 2576 ·

177 2675 329 2732 Pacmvma
357 2674 505 2752 publicae,
534 2674 667 2745 domine,
695 2674 885 2751 providentia
916 2679 973 2733 'tua
1011 2689 1043 2736 et

136 2803 303 2878 ministerio
326 2807 430 2855 nostro
445 2806 477 2855 et
491 2802 551 2854 iam
566 2806 691 2857 exactae
712 2807 784 2856 sunt
805 2806 838 2857 et
858 2802 1042 2874 exigvmtur:

137 2938 214 2994 quae
239 2939 344 2976 vereor
368 2939 407 2977 ne
433 2924 546 2978 otiosae
572 2925 699 2978 iaceant.
743 2921 823 2978 Nam
847 2929 880 2979 et
905 2925 1039 2998 praedio-

138 3058 205 3094 rum
233 3040 500 3115 comparandorum
528 3049 582 3098 aut
604 3043 688 3100 nulla
711 3051 765 3101 aut
786 3048 936 3102 rarissima
957 3067 1038 3106 occa-

140 3171 197 3226 34²
