2162 3438
310 195 408 252 THE
428 194 612 252 LETTERS
641 195 696 252 OF
722 193 849 251 PLINY

172 354 217 411 Ac
241 354 345 429 primis
369 352 494 429 quidem
519 351 626 409 diebus
649 351 787 409 redditae
812 350 967 409 libertatis
990 373 1049 428 pro

130 474 162 511 se
197 457 325 530 quisque
360 455 497 508 inimicos
529 469 607 521 suoS,
635 450 796 507 dumtaxat
823 453 967 521 minores,
999 454 1050 506 in-

130 547 255 605 condito
278 544 462 622 turbidoque
484 545 615 602 clamore
639 544 867 621 postulaverant
895 544 988 601 simul
1016 553 1051 602 et

130 651 351 723 oppresserant.
409 643 476 719 Ego
511 651 544 701 et
577 643 744 700 modestius
779 650 812 700 et
850 647 1051 700 constantius

130 746 295 802 arbitratus
318 745 566 800 immanissimum
589 761 676 799 reum
698 762 760 798 non
782 744 937 798 communi
961 748 1051 799 tem-

132 862 239 920 porum
266 840 389 911 invidia,
417 840 472 898 sed
499 844 619 916 proprio
655 843 780 897 crimine
815 858 935 916 urgere,
971 860 1049 897 cum

130 945 190 998 iam
225 943 297 997 satis
324 943 438 1015 primus
466 937 518 995 ille
546 942 679 1014 impetus
706 937 886 995 deservisset
913 945 948 995 et
975 938 1048 996 lan-

130 1037 250 1116 guidior
271 1041 303 1093 in
325 1037 391 1094 dies
413 1041 456 1092 ira
480 1035 518 1092 ad
536 1039 683 1094 iustitiam
698 1035 837 1106 redisset,
856 1056 1048 1113 quamquam

131 1145 197 1195 tum
222 1139 352 1192 maxime
380 1138 475 1192 tristis
502 1137 610 1192 amissa
638 1155 735 1211 nuper
763 1154 854 1192 uxore
882 1138 975 1191 mitto
1008 1136 1048 1192 ad

132 1235 275 1292 Anteiam
310 1232 420 1313 (nupta
448 1232 524 1290 haec
560 1232 705 1289 Helvidio
734 1231 858 1311 fuerat),
889 1252 975 1308 roge,
1013 1243 1049 1292 ut

131 1333 244 1399 veniat,
273 1331 343 1406 quia
370 1347 420 1384 me
447 1345 554 1384 recens
582 1325 682 1383 adhuc
706 1326 807 1384 luctus
834 1326 940 1384 limine
968 1349 1048 1386 eon-

131 1432 254 1486 tineret.
300 1427 344 1484 Ut
365 1429 459 1496 venit,
480 1431 490 1458 ‘
500 1425 695 1483 Destinatum
716 1424 782 1482 est'
803 1429 926 1501 inquam
947 1428 1046 1484 ‘mihi

132 1529 274 1582 maritum
303 1532 391 1582 tuum
414 1544 475 1580 non
498 1523 629 1581 inuitum
657 1527 729 1598 pati.
787 1523 903 1580 Nuntia
933 1522 1047 1581 Arriae

132 1633 164 1683 et
200 1623 348 1682 Fanniae’
383 1621 435 1702 (ab
470 1622 575 1680 exsilio
602 1621 789 1702 redierant);
823 1622 968 1681 ‘consule
1002 1634 1047 1696 te,

132 1722 255 1780 consule
283 1721 358 1792 illas,
386 1742 425 1778 an
453 1721 553 1778 velitis
576 1720 706 1778 adscribi
727 1719 817 1791 facto,
842 1724 959 1797 inquo
984 1743 1046 1800 ego

133 1825 243 1878 comite
262 1839 325 1876 non
348 1839 443 1895 ege03
463 1819 517 1876 sed
540 1839 601 1876 non
616 1822 659 1876 ita
672 1818 786 1894 gloriae
801 1838 887 1876 meae
902 1817 1044 1890 faverim,

131 1926 167 1976 ut
195 1920 279 1976 vobis
307 1922 452 1974 societate
481 1921 544 1974 eius
567 1916 738 1974 invideam.’
784 1915 902 1974 Perfert
927 1917 1044 1977 Anteia

131 2017 284 2085 mandata,
300 2036 356 2072 nec
371 2015 440 2072 illae
454 2023 618 2072 morantur.

172 2123 353 2201 Opportune
381 2131 505 2182 senatus
532 2127 612 2179 intra
639 2122 718 2180 diem
748 2125 882 2180 tertium.
927 2123 1044 2182 Omnia

131 2243 189 2299 ego
210 2241 330 2298 semper
351 2221 390 2278 ad
416 2221 578 2278 Corellium
600 2220 701 2290 retuli,
726 2240 817 2297 quem
840 2221 1044 2297 providentis-

130 2324 239 2378 simum
264 2323 373 2377 aetatis
398 2327 519 2376 nostrae
547 2303 862 2395 sapientissimumque
891 2327 1042 2396 eognovi;

131 2423 162 2477 in
188 2419 246 2475 hoc
268 2426 372 2476 tamen
400 2425 564 2475 contentus
593 2417 716 2474 consilio
744 2437 813 2474 meo
840 2407 894 2488 fui,
923 2424 1041 2478 veritus

131 2538 171 2575 ne
194 2525 330 2585 vetaret;
352 2525 417 2574 erat
440 2521 521 2574 enim
536 2521 727 2574 cunctantior
749 2519 933 2593 cautiorque.
980 2520 1041 2579 Sed

131 2638 193 2674 non
221 2620 350 2674 sustinui
374 2616 518 2673 inducere
547 2619 578 2672 in
606 2620 750 2688 animum,
779 2635 839 2693 quo
865 2620 968 2676 minus
999 2621 1040 2677 illi

131 2714 238 2772 eodem
263 2713 314 2770 die
337 2713 489 2771 facturum
503 2733 552 2771 me
566 2714 741 2784 indicarem,
756 2713 837 2790 quod
851 2734 891 2772 an
905 2714 1040 2777 facerem

163 2923 176 2944 ‘¹
193 2913 234 2963 ic.
249 2914 277 2964 of
288 2913 314 2963 N
316 2914 400 2964 erra's
412 2913 494 2978 reign.

164 2979 173 3009 ⁶
194 2979 302 3028 Tacitus
324 2980 380 3028 also
398 2995 457 3028 uses
474 2987 593 3028 carantana
614 2981 641 3029 in
662 2981 716 3029 this
739 2997 823 3042 sense,
849 2982 921 3033 Hiar.
950 2987 987 3037 iii.
1014 2990 1035 3049 i,

132 3043 248 3104 (Church
260 3044 313 3093 and
326 3043 477 3105 Brodribb.)
614 3055 624 3077 ⁰
641 3045 689 3100 See
701 3063 725 3096 x.
741 3049 793 3100 211.

137 3137 194 3210 198
