2162 3438
325 183 414 240 THE
443 178 627 240 LETTERS
656 180 710 240 OF
739 179 866 238 PLINY

143 343 312 421 respondeo
334 343 468 419 singulis.
513 342 625 398 Mirum
650 359 708 417 qua
730 343 918 410 intentione,
943 341 1065 416 quibua

144 435 323 492 clamoribus
338 437 438 490 omnia
452 435 637 508 exceperint,
654 435 706 507 qui
718 430 809 487 modo
823 429 1051 494 reclamabant;

142 533 229 582 tanta
252 527 406 580 conversio
428 521 476 579 vel
497 525 614 597 negotii
635 521 828 597 dignitatem,
849 519 900 576 vel
926 509 1065 596 proven-¹

143 621 210 672 tum
244 617 396 684 orationis,
431 613 479 669 vel
514 615 622 668 actoris
657 614 858 667 constantiam
887 610 1051 666 subsecuta

144 713 199 763 est.
256 703 351 760 Finio.
410 703 521 778 Incipit
555 701 739 778 respondere
773 700 926 770 Veient03
962 719 1065 764 nemo,

143 797 276 870 patitur3
311 793 498 862 obturbatur,
526 791 712 866 obstrepitur
746 789 823 848 adeo
850 789 992 867 quidem,
1022 795 1065 844 uti

144 884 278 941 diceret:
315 882 427 958 ‘Rogo,
455 889 556 957 patres
583 883 755 956 conscripti,
783 899 822 936 ne
850 899 901 936 me
936 884 1049 956 cogatis

144 973 304 1049 implorare
318 972 462 1029 auxilium
476 970 685 1029 tribunorum!
729 970 770 1026 Et
791 974 895 1028 statim
921 971 1048 1028 Murena

145 1065 301 1121 tribunus:
338 1061 504 1118 ‘Permitto
538 1061 605 1128 tibi,
633 1064 678 1117 vir
711 1060 874 1117 clarissime
907 1059 1047 1126 Veiento,

145 1151 265 1210 dicere'
322 1151 408 1207 Tunc
443 1169 563 1226 quoque
592 1148 779 1206 reclamatur.
837 1149 927 1206 Inter
953 1167 1048 1206 moras

146 1241 250 1299 consul
265 1245 365 1298 citatis
379 1241 552 1297 nominibus
567 1247 599 1296 et
613 1247 736 1315 peracta
750 1239 935 1296 discessione
953 1243 1048 1296 mittit

145 1339 296 1402 senatum,
316 1351 372 1406 acp
393 1349 469 1386 aene
493 1329 592 1386 adhuc
621 1337 754 1386 stantem
781 1335 1047 1406 temptantemque

145 1421 246 1479 dicere
274 1421 478 1479 Veientonem
507 1420 637 1496 reliquit.
682 1417 816 1477 Multum
843 1418 895 1476 ille
925 1418 966 1476 de
996 1419 1065 1504 hac¹

146 1511 201 1590 (ita
236 1509 377 1590 vocabat)
412 1509 605 1580 contumelia,
641 1517 765 1586 questus
800 1517 847 1566 est
884 1509 1065 1594 Homerico}

146 1622 253 1659 versu:

226 1731 265 1792 'li
279 1733 369 1812 γέρον,
385 1731 403 1808 ἧ
417 1734 496 1809 μάλα
511 1729 544 1808 δή
559 1757 594 1792 σε
607 1731 663 1792 νέοι
676 1732 801 1809 τείρουσι
813 1731 960 1811 μαχηταί.1
1064 1805 1065 1818 ¹

147 1867 218 1922 Non
252 1865 317 1924 fere
345 1869 503 1942 quisquam
530 1869 562 1922 in
591 1872 698 1922 senatu
734 1864 802 1935 fuit,
830 1867 883 1942 qui
910 1885 974 1922 non
1000 1885 1045 1922 me

110 1993 111 1996 =
147 1955 410 2032 complecteretur,
447 1955 680 2026 exoscularetur,
716 1959 916 2032 certatimque
960 1955 1044 2014 laude

146 2046 325 2117 cumularet,
361 2045 442 2122 quod
480 2049 685 2103 intermissum
720 2046 834 2102 iamdiu
868 2065 985 2103 morem
1016 2043 1065 2118 in]

147 2136 301 2214 publicum
323 2135 501 2192 consulendi
523 2140 671 2212 susceptis
699 2141 825 2212 propriis
846 2137 1065 2210 simultatibus

144 2225 343 2296 reduxissem,
356 2226 437 2300 quod
451 2224 583 2302 denique
595 2233 734 2284 senatum
743 2225 856 2282 invidia
865 2225 1043 2296 liberassem,
1064 2231 1065 2268 ἒ

146 2336 206 2393 qua
229 2313 375 2391 flagrabat
402 2315 483 2391 apud
511 2314 631 2374 ordines
655 2316 738 2385 alios,
760 2315 842 2392 quod
870 2335 991 2374 severus
1017 2322 1043 2374 in

147 2413 264 2462 ceteros
279 2405 467 2462 senatoribus
488 2405 558 2462 solis
582 2405 820 2463 dissimulatione
841 2411 925 2482 quasi
947 2415 1044 2465 mutua

148 2503 294 2571 parceret.

501 2574 507 2605 ¹
526 2575 559 2625 It
573 2575 629 2653 riii.
646 2577 700 2626 102.

180 2719 194 2744 ⁶
210 2711 414 2778 Theoretioally,
429 2713 476 2762 the
493 2713 623 2763 Tribunes
640 2715 718 2764 could
735 2715 792 2765 still
809 2717 912 2766 control
929 2718 974 2768 the
990 2737 1041 2784 pro-

149 2777 245 2826 oedure
264 2777 292 2825 oi
311 2778 358 2826 the
379 2778 476 2827 Senate
494 2777 530 2843 by
550 2780 716 2845 interposing
734 2783 805 2830 their
823 2788 891 2832 veto.
937 2783 1041 2834 Veiento

149 2841 278 2917 appealed
290 2847 319 2890 to
333 2842 406 2918 them
423 2849 453 2916 to
469 2848 575 2906 protect
592 2844 647 2894 him
665 2847 691 2894 in
711 2848 858 2911 exercising
875 2848 916 2896 his
934 2851 1003 2914 right
1018 2851 1041 2900 ol

150 2919 240 2969 giving
252 2906 293 2954 hie
305 2922 412 2970 opinion
424 2911 475 2967 (rua
487 2909 620 2962 canendi).

183 2970 251 3020 ite.
272 2971 423 3020 introduoin
465 2989 481 3020 a
503 2972 559 3032 bill,
584 2974 671 3024 which
695 2977 746 3025 had
765 2977 871 3026 become
889 2980 1040 3047 virtuallya

150 3036 357 3098 prerogativeol
368 2987 561 3101 thebmperor.
598 3038 647 3090 See
660 3047 806 3092 nextnote
1064 3039 1065 3062 ³

153 3129 210 3184 20⁶

1064 3323 1065 3379 l
