2160 3438
329 212 417 269 THE
446 210 629 270 LETTERS
658 211 713 269 OF
742 210 868 268 PLINY

146 371 246 428 locum
281 371 415 427 vindicat
454 370 605 428 Voconius
646 370 807 441 Romanus,
845 371 884 426 ab
926 374 1049 427 ineunte

146 485 247 535 aetate
263 476 485 553 condiscipulus
500 485 532 534 et
551 476 775 534 contubernalis
796 497 889 533 meus
936 477 1051 548 Quibus

147 605 183 642 ex
212 589 307 642 causis
331 593 362 642 et
384 605 402 640 a
424 585 493 642 divo
521 592 607 660 patre
634 591 689 641 tuo
717 588 873 660 petieram,
902 591 941 641 ut
972 583 1053 640 illum

146 696 178 749 in
213 692 428 768 amplissimum
463 691 601 748 ordinem
636 698 836 766 promoveret.
896 689 962 748 Sed
1000 690 1053 746 hoe

146 808 250 858 votum
277 819 380 857 meum
407 800 537 857 bonitati
565 805 637 855 tuae
665 805 851 856 reservatum
888 805 948 867 est,
987 801 1052 875 quia

145 915 243 965 mater
272 906 398 964 Romani
426 905 640 963 liberalitatem
668 908 799 962 sestertii
827 903 1062 989 quadragiens}¹

146 1013 227 1090 quod
255 1012 393 1071 conferre
422 1031 453 1070 se
482 1011 542 1068 filio
571 1010 717 1068 codicillis
745 1011 784 1068 ad
813 1017 935 1087 patrem
965 1017 1062 1068 tuum'

145 1123 264 1196 scriptis
303 1118 437 1197 professa
476 1118 585 1188 fuerat,
626 1117 762 1174 nondum
797 1121 874 1175 -satis
911 1117 1051 1194 legitime

145 1233 326 1314 peregerat3
360 1226 441 1303 quod
476 1233 582 1301 postea
616 1223 691 1281 fecit
722 1223 877 1280 admonita
905 1244 923 1280 a
955 1225 1050 1281 nobis.

147 1333 225 1389 Nam
260 1340 292 1389 et
327 1331 437 1389 fundos
473 1334 674 1407 emancipavit
703 1337 736 1388 et
764 1338 875 1400 cetera,
904 1351 986 1408 quae
1023 1335 1063 1388 in

145 1443 386 1515 emancipatione
401 1438 556 1514 implenda
570 1438 670 1495 solent
684 1440 774 1514 exigi,
790 1442 1022 1495 consummavit.

186 1545 261 1603 Cum
276 1549 315 1603 sit
330 1565 402 1622 ergo
416 1544 545 1615 finitum,
555 1543 636 1622 quod
651 1563 720 1620 spes
735 1553 851 1601 nostras
865 1544 1049 1613 morabatur,

145 1673 207 1710 non
230 1656 294 1710 sine
318 1671 430 1728 magna
450 1650 558 1710 fiducia
579 1652 723 1727 subsigno
737 1650 818 1726 apud
832 1657 864 1707 te
879 1649 972 1708 fidem
998 1627 1051 1727 pro

144 1760 275 1816 moribus
317 1758 443 1815 Romani
482 1761 552 1828 mei,
592 1777 667 1834 quos
706 1765 739 1813 et
777 1755 913 1812 liberalia
949 1757 1049 1814 studia

145 1873 303 1936 exornant,
331 1873 364 1922 et
395 1868 504 1922 eximia
538 1867 645 1940 pietas,
681 1883 740 1940 qua
774 1871 807 1920 et
841 1862 919 1920 hanc
953 1867 1048 1939 ipsam

144 1976 248 2031 matris
281 1970 495 2028 liberalitatem
524 1977 557 2027 ct
591 1973 693 2027 statim
721 1974 815 2046 patris
844 1969 1048 2028 hereditatem

145 2085 177 2135 ct
205 2078 400 2153 adoptionem
428 2097 445 2132 a
473 2079 579 2133 vitrico
607 2079 727 2133 meruit.
780 2075 884 2151 Auget
911 2074 989 2132 haec
1016 2085 1047 2133 et

144 2185 290 2243 natalium
313 2191 345 2242 et
370 2192 564 2260 paternarum
586 2182 766 2241 facultatum
792 2183 953 2259 splendor;
983 2189 1046 2262 qui-

144 2294 199 2350 bus
235 2290 360 2367 singulis
390 2290 522 2348 multum
559 2290 830 2348 commendationis
859 2309 1047 2348 accessurum

144 2403 237 2456 etiam
271 2417 308 2454 ex
335 2401 411 2455 meis
440 2400 579 2473 precibus
607 2397 818 2474 indulgentiae
846 2404 918 2454 tuae
946 2398 1044 2455 credo.

145 2507 229 2581 Rogo
257 2523 339 2580 erge,
368 2504 500 2574 domine,
536 2511 571 2561 ut
605 2523 655 2561 me
690 2507 936 2581 exoptatissimae
972 2504 1046 2561 mihi

143 2610 353 2688 gratulationis
370 2618 542 2686 compotem
557 2609 648 2667 facias
671 2617 703 2667 et
723 2609 870 2680 honestis,
893 2619 927 2668 ut
949 2631 1045 2687 spem,

142 2717 312 2775 adfectibus
340 2721 415 2774 meis
443 2726 588 2793 praestes,
617 2726 652 2774 ut
680 2737 740 2774 non
770 2721 801 2774 in
828 2737 879 2775 me
915 2725 1044 2789 tantum,

143 2842 248 2880 verum
269 2827 354 2880 etin
375 2827 471 2879 amico
491 2823 612 2899 gloriari
633 2824 750 2882 iudiciis
770 2829 832 2882 tuis
853 2829 972 2901 possim.

335 2951 343 2981 ¹
361 2952 536 3018 quadragiens
548 2953 580 3013 B,
594 2952 810 3018 quadringenties
821 2970 846 3003 a.
