2150 3444
308 236 397 294 THE
426 233 609 294 LETTERS
637 232 693 293 OF
722 233 848 292 PLINY

501 467 649 526 LXXVII

308 602 339 660 C.
364 603 484 660 annrs
504 603 643 660 Taurino
665 601 853 658 Inrnnrronr

168 734 446 805 Pnovrnnurrssnun,
465 735 598 806 domine,
617 733 727 804 fecisti,
747 732 828 810 quod
849 736 1038 810 praecepisti

126 831 288 911 Calpurnio
323 831 436 905 Macro,
465 833 627 890 clarissImo
662 836 734 902 viro,
763 839 798 889 ut
832 829 1038 907 legionarium

125 936 335 989 centurionem
350 932 529 1009 Byzantium
543 935 690 989 mitteret.
734 930 867 1007 Dispice,
883 949 923 986 an
939 934 1035 987 etiam

126 1029 346 1107 Iuliopolitanis
389 1029 479 1086 simili
521 1033 638 1087 ratione
678 1027 897 1086 consulendum
934 1036 1036 1104 putes,

126 1147 254 1205 quorum
276 1130 390 1197 civitas,
418 1147 486 1184 cum
515 1131 554 1184 sit
582 1129 756 1203 perexigua,
782 1145 874 1183 onera
902 1130 1037 1183 maxima

127 1229 259 1284 sustinet
292 1233 440 1302 tantoque
482 1229 632 1302 graviores
667 1229 800 1295 iniurias
835 1231 954 1301 quanto
991 1233 1038 1282 est

126 1324 279 1395 infirmior,
314 1328 437 1400 patitur.
481 1323 638 1401 Qu'xlquid
672 1331 776 1381 autem
810 1321 1037 1401 Iuliopolitanis

127 1426 324 1500 praestiteris,
338 1422 370 1479 id
385 1427 477 1479 etiam
494 1426 552 1480 toti
574 1426 746 1498 provinciae
767 1421 911 1498 proderit.
958 1421 1037 1479 Sunt

128 1525 209 1578 enim
224 1525 256 1576 in
271 1525 370 1597 capite
387 1520 548 1597 Bithyniae
570 1520 767 1597 plurimisque
788 1540 843 1596 per
864 1539 934 1576 eam
956 1539 1037 1577 eom-

127 1619 299 1676 meantibus
315 1622 476 1676 transitum
490 1620 647 1695 praebent.

492 1864 655 1922 LXXVIII

440 2002 595 2062 Tutunus
617 2005 723 2062 Panno

171 2146 216 2203 EA
237 2145 374 2202 condicio
396 2153 443 2202 est
463 2149 594 2202 civitatis
617 2145 833 2223 Byzantiorum
860 2147 1038 2208 confluente
1060 2153 1061 2228 l

130 2243 264 2321 undique
285 2247 317 2300 in
346 2263 412 2300 eam
434 2247 670 2300 commeantium
690 2245 790 2316 turba,
811 2252 846 2302 ut
867 2248 1038 2305 seeundum

129 2341 382 2400 consuetudinem
403 2340 652 2418 praecedentium
673 2347 845 2418 temporum
869 2343 1038 2404 honoribus
1060 2322 1061 2406 l

131 2445 195 2498 eius
229 2440 378 2517 praesidio
412 2443 597 2498 centurionis
627 2439 786 2517 legionarii
814 2441 1038 2502 consulendum

131 2539 333 2634 habuerimps.
369 2537 423 2596 Sil
440 2537 661 2614 Iuliopobtanis
675 2538 913 2597 succurrendum
928 2541 1039 2600 eodem

131 2638 221 2695 modo
235 2641 450 2714 putaverimus,
465 2637 655 2694 onerabimus
669 2657 724 2695 nos
739 2637 887 2714 exemplo.
935 2639 1039 2698 Plures
1060 2633 1061 2727 l

132 2740 213 2793 enIm
227 2743 315 2793 tanto
329 2739 425 2810 magis
440 2735 547 2792 eadem
558 2739 723 2813 requirent,
733 2744 848 2812 quanto
858 2735 1038 2796 infirmiores
1060 2735 1061 2756 ยน

132 2839 230 2889 erunt.
282 2833 351 2889 Tibi
386 2852 452 2890 eam
485 2832 624 2890 fiduciam
652 2832 831 2910 diligentiae
859 2834 972 2909 habeo,
1004 2845 1035 2895 ut

133 2928 254 2985 credam
268 2937 300 2986 te
315 2934 397 2986 omni
415 2933 532 2988 ratione
554 2929 586 2986 id
610 2939 759 3002 acturum,
773 2951 813 2990 ne
836 2937 898 2990 sint
914 2935 1036 2992 obnoxii

475 3083 484 3114 ยน
502 3085 524 3134 si
536 3101 584 3134 om.
599 3102 626 3147 a,
639 3086 690 3137 Aa.

138 3173 194 3246 378
