2150 3444
317 180 405 238 THE
433 181 616 240 LETTERS
646 182 700 240 OF
729 182 857 240 PLlNY

541 416 623 473 cxv
661 379 663 384 ’

444 555 599 613 Tauranus
622 555 727 612 Pinuo

176 698 299 754 Murrio
334 698 467 768 haesisti,
500 696 640 756 Secunde
669 700 829 768 carissime,
858 699 936 775 quid
965 719 984 754 a
1011 707 1040 754 te

133 803 308 880 responderi
343 811 499 880 oporteret
532 804 705 861 censoribus
733 803 977 874 consulentibus
1003 824 1039 859 an

132 913 272 988 legerent
307 916 338 968 in
368 918 508 969 senatum
542 911 667 968 aliarum
696 915 874 982 civitatium,
903 911 1038 968 eiusdem

132 1027 237 1076 tamen
261 1022 431 1094 provinciae
447 1022 534 1075 cives.
579 1017 658 1074 Nam
673 1026 705 1075 et
719 1017 796 1094 legis
820 1023 987 1076 auctoritas
1010 1027 1038 1074 ct

131 1126 223 1201 longa
245 1124 432 1182 consuetudo
447 1132 589 1200 usurpata
604 1133 709 1182 contra
723 1125 825 1201 legem
839 1129 871 1181 in
886 1125 1036 1183 diversum

132 1252 253 1289 movere
281 1241 314 1290 te
336 1235 444 1308 potuit.
489 1231 567 1288 Mihi
589 1231 647 1289 hoc
669 1240 950 1309 temperamentum
977 1237 1037 1290 eius

132 1340 255 1416 placuit,
270 1347 305 1397 ut
320 1357 357 1395 ex
372 1343 536 1414 praeterito
558 1337 634 1395 nihil
655 1358 843 1409 novaremus,
866 1338 921 1396 sed
935 1360 1036 1397 mane-

132 1455 202 1505 rent
226 1450 361 1524 quamvis
390 1455 495 1504 contra
522 1447 624 1524 legem
652 1447 759 1504 adsciti
788 1467 1034 1526 quarumcunque

132 1558 300 1611 civitatium
315 1557 406 1624 cives,
420 1557 452 1611 in
467 1552 603 1610 futurum
624 1561 728 1610 autem
750 1553 799 1610 lex
824 1553 968 1631 Pompeia
989 1557 1034 1612 ob

132 1667 318 1728 servaretur3
340 1663 423 1717 cuius
437 1664 498 1716 vini
513 1663 537 1716 si
552 1668 634 1718 retro
648 1680 769 1738 quoque
789 1660 916 1718 velimus
937 1669 1034 1719 custo·

131 1753 317 1839 dir·e,'multa
331 1787 455 1824 necesse
470 1775 518 1824 est
531 1767 709 1842 perturbari.

530 1991 628 2048 CXVI

307 2145 338 2202 C.
363 2145 483 2203 Pinnos
505 2145 643 2202 Turrino
666 2144 854 2203 lursnsronr

172 2302 233 2374 Qui
255 2301 372 2359 virilem
394 2310 497 2378 togam
517 2308 642 2359 sumunt
656 2301 704 2358 vel
719 2305 841 2376 nuptias
856 2299 969 2360 faciunt
983 2303 1026 2360 vel

130 2428 239 2480 ineunt
273 2427 484 2499 magistratum
519 2421 567 2479 vel
596 2441 671 2498 opus
698 2421 854 2498 publicum
880 2420 1024 2492 dedicant,

130 2543 230 2600 solent
244 2549 341 2599 totam
355 2541 449 2599 bulen
463 2549 555 2618 atque
570 2543 662 2598 etiam
678 2560 695 2597 e
709 2539 800 2616 plebe
815 2560 877 2597 non
891 2544 1023 2617 exiguum

130 2683 289 2720 numerum
304 2682 410 2719 vocare
424 2663 571 2738 binosque
586 2661 725 2718 denarios
739 2659 788 2717 vel
803 2653 933 2736 singulos
946 2661 1019 2720 dare.

131 2780 220 2850 Quod
255 2801 294 2837 an
325 2780 540 2838 celebrandum
576 2788 608 2837 et
643 2788 792 2857 quatenus
827 2787 922 2856 puteS,
954 2802 1019 2858 rogo

130 2899 248 2954 scribas.
307 2897 376 2974 lpse
407 2902 487 2954 enim
518 2903 596 2956 sicut
630 2901 767 2969 arbitror,
789 2904 960 2976 praesertim
985 2923 1016 2959 ex

131 3127 189 3177 424
