2160 3438
315 207 403 265 THE
432 207 615 267 LETTERS
645 208 699 266 OF
730 207 855 265 PLINY

130 358 252 441 integro
272 363 384 440 agendi
406 363 565 421 dumtaxat
587 383 642 440 per
663 365 829 436 biennium,
852 368 1039 442 interrogavi

130 481 221 552 hunc,
256 500 347 559 quem
375 479 573 557 relegaverat,
601 501 640 536 an
667 480 792 538 adiisset
822 479 1040 558 docuissetque

130 596 348 673 proconsulem.
394 597 534 672 Negavit.

172 712 229 769 Per
252 712 333 789 quod
355 711 498 770 effectum
512 720 569 782 est,
584 720 619 769 ut
633 719 665 769 te
681 712 881 782 consulerem,
906 711 1040 770 redden-

129 827 203 885 dum
230 848 300 885 eum
328 847 445 904 poenae
470 847 541 884 suae
565 848 604 884 an
626 831 746 904 gravius
769 826 884 904 aliquid
908 835 944 885 et
967 828 1039 904 quid

129 945 318 1018 potissimum
342 941 591 999 constituendum
615 950 738 1018 putares
752 949 785 999 et
799 944 831 998 in
845 939 931 998 hunc
954 947 1038 999 etin

129 1077 189 1128 eos,
218 1062 242 1115 si
267 1061 318 1135 qui
343 1056 423 1116 forte
447 1061 479 1114 in
501 1057 591 1114 simili
614 1057 791 1115 condicione
813 1061 1037 1119 invenirentur.

129 1171 297 1230 Decretum
311 1171 394 1229 Calvi
409 1180 442 1229 et
456 1172 601 1243 edictum,
615 1177 691 1230 item
705 1173 863 1231 decretum
884 1172 974 1232 Bassi
995 1174 1040 1231 his

127 1289 238 1346 litteris
252 1289 373 1346 subieci.

492 1563 496 1568 f
536 1528 624 1588 LVII

438 1662 593 1720 Tauranus
615 1663 720 1720 Pmruo

168 1793 250 1864 Qum
277 1798 309 1850 in
337 1813 466 1870 persona
494 1814 599 1852 eorum
630 1796 828 1854 statuendum
857 1801 907 1868 sit,
936 1803 993 1876 qui
1018 1820 1035 1854 a

128 1894 158 1950 P.
175 1892 301 1951 Servilio
316 1892 406 1950 Calvo
429 1895 608 1969 proconsule
622 1898 654 1950 in
668 1897 834 1951 triennium
848 1894 982 1972 relegati
1004 1906 1034 1954 et

125 2010 195 2048 mox
220 1989 357 2048 eiusdem
380 1990 482 2048 edicto
509 1995 644 2050 restituti
671 1996 703 2048 in
731 1996 885 2068 provincia
914 2013 1035 2051 reman-

125 2096 240 2159 serunt,
265 2092 401 2164 proxime
428 2088 484 2145 tibi
513 2090 684 2160 rescribam,
713 2109 782 2147 cum
810 2109 914 2148 causas
942 2090 1033 2149 huius

125 2186 197 2245 facti
219 2207 237 2243 a
260 2185 351 2242 Calvo
377 2189 550 2264 requisiero.
594 2186 654 2258 Qui
669 2207 687 2244 a
701 2188 779 2245 lulio
795 2187 887 2246 Basso
907 2194 940 2246 in
964 2211 1034 2268 per-

124 2293 252 2362 petuum
287 2284 440 2361 relegatus
468 2293 524 2356 est,
554 2305 622 2343 cum
650 2306 705 2363 per
732 2287 889 2344 biennium
918 2291 1032 2366 agendi

124 2369 302 2441 facultatem
322 2382 472 2453 habuerit,
487 2387 512 2441 si
527 2385 719 2442 existimabat
733 2405 765 2444 se
783 2388 892 2443 iniuria
913 2386 1031 2465 relega-

123 2489 200 2552 tum,
224 2501 324 2559 neque
338 2481 371 2538 id
384 2480 493 2539 fecerit
506 2489 599 2559 atque
613 2486 643 2539 in
659 2487 812 2560 provincia
829 2489 939 2541 morari
962 2505 1032 2563 per-

123 2583 314 2649 severaverit,
329 2583 448 2636 vinctus
466 2584 548 2638 mitti
562 2580 601 2637 ad
615 2580 783 2657 praefectos
804 2587 947 2658 praetorii
969 2589 1030 2642 mei

106 2663 107 2668 ἵ
122 2678 225 2736 debet.
255 2677 363 2756 Neque
378 2682 460 2736 enim
474 2679 592 2750 sufficit,
606 2699 676 2736 eum
690 2700 805 2755 poenae
817 2701 887 2739 suae
898 2686 1031 2755 restitui,

123 2795 212 2851 quam
228 2780 418 2833 contumacia
432 2775 530 2834 elusit,

156 2931 169 2953 ‘²
185 2921 226 2970 ie.
242 2922 288 2972 the
300 2922 443 2972 Proconsul
456 2923 484 2972 of
495 2925 527 2972 99
538 2940 568 2973 or
582 2925 635 2974 100.

155 2986 166 3016 ⁶
182 2985 240 3036 Not
251 2989 281 3034 to
291 2986 325 3036 ba
336 2987 407 3036 tried
418 2987 454 3051 by
467 2989 548 3048 them,
562 2987 612 3038 but
629 2993 658 3038 to
670 2991 770 3039 romain
782 2991 810 3040 in
822 2991 894 3040 their
911 2993 1025 3056 custody

123 3049 240 3114 pending
251 3050 297 3100 the
311 3053 451 3115 emperor's
463 3052 579 3102 decisiou
591 3069 625 3103 on
645 3055 691 3104 the
708 3071 775 3106 case.
810 3055 883 3106 Thus
900 3055 939 3107 St
964 3057 1024 3107 Paul

124 3143 182 3217 348
