2160 3438
319 196 409 253 THE
440 193 623 253 LETTERS
652 193 706 252 OF
733 190 860 250 PLINY

137 374 296 413 numerum
324 355 400 412 haec
429 374 500 411 cura
528 353 699 432 distringat.
758 351 887 408 Interim
918 350 1060 426 publicisl

138 453 230 507 servis
258 469 369 525 paucos
397 449 511 506 milites
539 447 651 505 addidi.
709 446 807 504 Video
835 453 948 503 tamen
977 450 1048 522 peri·

138 543 239 602 culum
254 563 330 614 esse,
345 563 384 600 ne
399 543 431 599 id
445 547 544 618 ipsum
559 545 695 618 utrisque
716 539 939 616 neglegentiae
962 559 1049 596 causa

137 641 192 707 sit,
208 636 281 693 dum
303 655 495 694 communem
517 634 637 712 culpam
652 634 683 691 hi
708 637 740 690 in
764 632 842 704 illos,
868 632 914 690 illi
940 638 975 690 in
998 633 1049 690 hos

139 751 278 808 regerere
293 751 380 808 posse
395 729 560 788 confidunt.

558 937 617 995 XX

447 1069 603 1130 Tnamuus
626 1071 730 1128 Punvro

179 1202 272 1258 Nnnu
300 1221 374 1278 opus
397 1208 454 1271 est,
478 1205 520 1256 mi
549 1199 690 1257 Secunde
718 1202 880 1270 carissime,
904 1199 947 1256 ad
979 1185 1063 1257 con-¹

138 1291 280 1349 tinendas
316 1289 467 1348 custodias
501 1290 604 1366 plures
639 1288 861 1346 commilitones
895 1295 1044 1348 converti.

141 1382 370 1439 Perseveremus
384 1384 415 1436 iu
431 1399 467 1436 ea
480 1379 713 1450 consuetudine,
723 1397 801 1456 quae
812 1382 861 1436 isti
871 1383 1045 1455 provinciae
1063 1436 1064 1470 1

138 1481 195 1540 est,
224 1479 259 1528 ut
283 1491 338 1548 per
362 1469 498 1547 publicos
523 1489 623 1527 servos
648 1468 865 1527 custodiantur.
909 1468 1046 1542 Etenim,

138 1569 173 1619 ut
201 1560 333 1618 fideliter
358 1559 415 1616 hoc
437 1559 559 1630 faciant,
585 1563 617 1615 in
640 1566 694 1617 tua
722 1563 886 1617 severitate
914 1581 950 1618 ae
980 1563 1045 1619 dili-

138 1655 243 1728 gentia
266 1655 397 1727 positum
421 1657 475 1707 est.
521 1651 557 1707 ln
582 1652 686 1725 primis
709 1653 801 1722 enim,
827 1653 906 1708 sicut
931 1653 1044 1720 scribis,

138 1741 307 1800 verendum
332 1749 388 1812 est,
413 1759 463 1812 ne,
486 1744 509 1798 si
536 1744 776 1816 permisceantur
798 1744 891 1799 servis
916 1741 1043 1817 publicis

137 1831 261 1903 milites,
283 1838 391 1889 mutua
410 1835 492 1888 iuter
515 1849 548 1887 se
571 1829 679 1887 fiducia
701 1829 950 1907 neglegentiores
974 1835 1040 1888 sint

138 1920 200 1978 Sed
214 1928 247 1978 et
262 1919 337 1977 illud
352 1920 477 1979 haereat
491 1921 587 1990 nobis,
602 1939 692 1996 quam
714 1923 907 1998 paucissimos
931 1920 1041 1977 milites

138 2031 156 2066 a
170 2014 264 2086 signis
278 2009 447 2066 avocandos
462 2028 536 2067 esse.

553 2225 628 2282 XXI

318 2359 350 2417 C.
375 2359 495 2417 Pinnos
516 2358 654 2416 Tsimuo
676 2358 863 2417 Iurnnrronr

179 2491 293 2548 Gnarus
336 2492 453 2564 Bassus,
491 2491 664 2570 praefectus
703 2511 773 2550 orae
816 2491 970 2563 Ponticae,
1011 2501 1041 2550 et

138 2585 382 2638 reverentissime
417 2591 451 2640 et
481 2582 704 2654 officiosissime,
731 2582 863 2652 domine,
892 2588 978 2641 venit
1004 2584 1040 2640 ad

137 2691 187 2728 me
217 2679 250 2728 et
285 2672 488 2748 compluribus
515 2672 622 2730 diebus
650 2672 709 2729 fuit
736 2692 865 2744 mecum,
893 2683 1039 2751 quantum

171 2851 184 2873 ⁰
200 2844 244 2892 Au
256 2847 407 2908 expression
420 2845 533 2895 avoided
551 2863 580 2896 as
597 2845 759 2911 undignified
781 2847 816 2912 by
834 2849 973 2912 Augustus
990 2849 1038 2898 und

139 2908 180 2956 his
197 2907 350 2957 immediate
370 2926 525 2970 suocessors,
548 2911 598 2960 but
616 2911 728 2961 affected
747 2912 783 2976 by
802 2913 870 2961 later
891 2913 1036 2978 Empemrs.

139 2973 232 3097 wllogJ,
239 2989 328 3085 1202ch
340 2973 439 3038 largely
451 2975 588 3038 depended
601 2993 635 3026 on
648 2977 694 3025 the
705 2977 830 3042 goodwill
842 2977 870 3026 ol
880 2978 928 3027 the
939 2995 1023 3046 army.

143 3143 200 3198 30²
