2158 3436
318 219 407 276 THE
435 218 618 276 LETTERS
647 217 701 275 OF
730 216 857 274 PLINY

137 383 254 436 centies
289 382 488 454 quinquagies
516 381 599 434 euius
627 376 742 433 honore
770 384 933 434 contentus
961 375 1041 433 fuit!
1068 331 1069 392 l

139 477 247 533 Postea
261 475 335 532 mihi
350 479 447 532 visum
462 483 509 532 est
523 479 655 551 pretium
669 494 778 551 operae
798 479 896 551 ipsum
918 482 1044 532 senatus
1068 471 1069 484 ³

137 574 309 632 consultum
332 593 485 650 quaerere.
529 573 636 630 Inveni
656 581 719 630 tam
739 577 892 649 copiosum
914 581 946 631 et
968 573 1043 630 effu-

138 693 214 743 sum,
249 681 284 730 ut
312 672 364 729 ille
393 657 621 748 superbissimus
649 670 757 729 titulus
784 671 920 741 modicus
948 679 1044 748 atque

138 775 230 830 etiam
245 771 392 828 demissus
408 771 568 828 videretur.
612 769 777 827 Conferant
791 790 823 826 se
838 789 900 826 non
915 769 983 826 dico
997 770 1045 826 illi

138 878 257 927 veteres
272 867 417 940 Africani,
434 869 567 939 Achaici,
584 869 773 939 Numantini,
789 867 842 926 sed
857 867 889 923 hi
902 872 1043 944 proximi,
1068 865 1069 868 '

139 969 236 1038 Marii,
259 967 370 1038 Sullae,
394 968 537 1044 Pompeii,
561 966 631 1024 nolo
645 967 787 1043 progredi
801 966 938 1042 longius;
963 966 1044 1024 infra

140 1067 283 1124 Pallantis
296 1066 402 1124 laudes
416 1067 565 1124 iacebunt.

179 1165 327 1236 Urbanos,
350 1169 401 1240 qui
422 1163 474 1221 illa
495 1171 688 1234 censuerunt,
710 1172 816 1240 putem
835 1184 875 1219 an
895 1166 1045 1222 miseros?

139 1263 281 1320 Dicerem
315 1263 454 1333 urbanos,
491 1267 515 1320 si
551 1270 690 1319 senatum
718 1262 843 1319 deceret
877 1263 1044 1334 urbanitas

137 1367 260 1420 miseros
285 1361 339 1419 sed
367 1381 457 1418 nemo
485 1369 547 1418 tam
575 1364 666 1417 miser
694 1368 750 1430 est,
775 1368 811 1416 ut
832 1359 884 1417 illa
906 1367 1043 1436 cogatur.

47 1499 50 1504 ·
139 1461 274 1518 Ambitio
296 1479 368 1536 ergo
384 1467 416 1516 et
429 1457 616 1536 procedendi
636 1457 753 1515 libido?
795 1457 857 1515 Sed
877 1461 943 1535 quis
965 1459 1045 1516 adeo

138 1559 274 1628 demens,
297 1566 332 1615 ut
354 1577 409 1634 per
431 1577 527 1628 suum,
556 1577 611 1633 per
639 1556 793 1632 publicum
815 1556 949 1614 dedecus
974 1577 1045 1632 pro-

138 1657 247 1714 cedere
271 1655 346 1714 velit
373 1661 406 1712 in
434 1675 469 1713 ea
497 1660 630 1725 civitate,
654 1659 686 1711 in
710 1674 769 1730 qua
791 1653 840 1710 hic
865 1662 946 1712 esset
971 1675 1045 1712 usus

137 1753 364 1811 florentissimae
383 1754 552 1830 dignitatis7
565 1761 600 1810 ut
615 1757 728 1828 primus
742 1755 774 1808 in
789 1759 897 1809 senatu
917 1750 1044 1810 laudare

139 1851 307 1909 Pallantem
321 1854 443 1928 posset?

179 1950 306 2021 Omitto,
329 1949 409 2026 quod
433 1949 562 2006 Pallanti
584 1968 670 2006 servo
691 1952 841 2025 praetoria
863 1957 1045 2006 ornamenta

137 2048 303 2106 offeruntur
326 2050 451 2125 (quippe
472 2047 639 2106 offeruntur
661 2067 678 2103 a
701 2048 816 2122 servis),
837 2051 936 2116 mitto,
960 2047 1044 2123 quod

137 2155 265 2204 censent
283 2166 345 2203 non
364 2145 587 2204 exhortandum
605 2145 704 2215 mod0‚
724 2165 829 2202 verum
848 2149 940 2202 etiam
960 2165 1044 2202 com-

137 2244 313 2320 pellendum
335 2245 374 2302 ad
392 2265 480 2302 usum
501 2264 659 2301 aureorum
679 2244 837 2301 anulorum
859 2245 937 2320 (erat
959 2248 1043 2301 enim

137 2351 243 2400 contra
276 2347 467 2400 maiestatem
503 2350 634 2413 senatuS,
671 2346 695 2399 si
730 2343 836 2400 ferreis
873 2346 1043 2418 praetorius

137 2442 287 2516 uteretur)
302 2460 309 2509 ;
330 2441 408 2497 levia
422 2439 498 2497 haec
513 2448 545 2496 et
559 2440 754 2510 transeunda,
769 2439 820 2496 illa
834 2443 1042 2512 memoranda,

137 2539 218 2616 quod
234 2543 373 2596 ‘nomine
390 2538 533 2595 Pallantis
549 2538 688 2596 senatus’
706 2540 775 2614 (nee
794 2543 916 2615 expiata
933 2550 1044 2617 postea

137 2642 219 2694 curia
246 2638 316 2712 est),
345 2636 508 2695 ‘Pallantis
536 2641 659 2694 nomine
684 2645 807 2695 senatus
835 2642 947 2714 gratias
975 2647 1043 2718 agit

137 2734 265 2805 Caesari,
280 2735 360 2810 quod
376 2739 486 2810 etipse
501 2754 570 2790 cum
585 2754 701 2790 summo
715 2734 829 2792 honore
850 2739 1042 2796 mentionem

137 2836 201 2889 eius
223 2841 400 2908 prosecutus
422 2841 503 2890 esset
525 2840 557 2889 et
579 2837 698 2890 senatui
717 2832 895 2891 facultatem
916 2834 1042 2895 fecisset

169 3007 186 3111 ἓ
198 2999 388 3126 ThppIaglgepf
399 3000 550 3064 equestrian
563 3001 637 3059 rank,
651 3018 680 3050 as
688 3017 720 3050 an
731 3002 788 3051 iron
797 3019 847 3052 one
860 3021 912 3053 was
924 3004 953 3053 of
960 3008 1040 3056 sorvi-

137 3075 167 3112 ιιι
188 3080 209 3113 e.
258 3097 267 3113 r
288 3082 347 3114 em.

140 3176 196 3228 104
