2178 3436
355 219 444 279 THE
474 220 661 280 LETTERS
684 222 738 279 OF
768 221 895 279 PLINY

173 399 345 456 cognosces.
376 381 454 438 Nam
469 380 621 458 plerisque
635 384 761 438 mutatis
776 400 812 439 ea
826 399 948 457 qnoque
962 387 1072 448 mutata

173 486 325 559 videntur,
339 507 416 565 quae
430 496 564 545 manent.
594 488 677 545 Vale.
1070 493 1072 528 ¹

575 698 667 756 XXII

389 830 421 888 C.
445 831 566 889 Pinaros
588 831 724 888 Guumro
746 830 807 890 Suo
825 829 854 887 S.

213 962 347 1019 Nosrrnr.
382 962 447 1034 hoa,
481 967 533 1040 qui
568 968 703 1021 omnium
730 962 891 1020 libidinum
926 967 1006 1021 servi
1036 967 1072 1020 sio

171 1069 298 1127 aliorum
327 1073 406 1128 vitiis
433 1075 613 1141 irascuntur,
643 1075 727 1148 quasi
755 1069 921 1140 invideant,
950 1078 984 1128 et
1012 1090 1072 1146 grae

172 1181 292 1236 vissime
317 1181 458 1254 puniunt,
482 1197 556 1254 quos
577 1181 708 1235 maxime
730 1178 909 1234 imitantur?
935 1197 1005 1234 cum
1027 1181 1072 1233 eos

171 1289 274 1354 etiam,
290 1289 341 1361 qui
362 1305 424 1342 non
443 1284 585 1361 indigent
599 1285 761 1342 clementia
776 1283 876 1355 ullius,
890 1283 965 1340 nihil
982 1288 1069 1360 magis

170 1411 261 1469 quam
299 1391 410 1450 lenitas
446 1390 563 1449 deceat.
620 1391 724 1468 Atque
761 1411 819 1467 ego
857 1395 1007 1469 optimum
1044 1399 1068 1447 el

171 1499 453 1557 emendatissimum
476 1503 625 1571 existim0,
647 1504 699 1576 qui
727 1504 837 1558 ceteris
864 1503 907 1557 ita
935 1493 1072 1576 ignoscit,

170 1613 325 1684 tamquam
347 1610 411 1683 ipse
434 1607 570 1683 quotidie
589 1615 707 1683 peccet,
722 1611 765 1664 ita
783 1611 916 1684 peccatis
930 1608 1068 1678 abstinet,

170 1722 325 1791 tamquam
348 1717 464 1772 nemini
487 1719 632 1792 ignoscat.
677 1714 807 1772 Proinde
826 1714 883 1771 hoc
904 1714 998 1787 dorni,
1019 1715 1067 1772 lroc

171 1820 252 1892 foris,
276 1821 333 1878 hoc
356 1825 388 1878 in
411 1825 493 1878 omni
508 1825 589 1878 vitae
611 1836 725 1898 genere
748 1829 918 1894 teneamus,
932 1830 967 1880 ut
989 1823 1071 1879 nobis.

171 1928 377 2004 implacabiles
402 1932 505 1999 simuS,
530 1928 697 1986 exorabiles
718 1932 784 1986 istis
805 1932 907 1999 etiam,
930 1933 982 2005 qni
1004 1895 1071 1987 darel

170 2038 290 2091 veniam
312 2038 370 2092 nisi
392 2035 448 2092 sibi
471 2039 621 2106 nesciunt,
640 2035 878 2112 mandemusque
901 2041 1064 2104 memoriae,

114 2177 117 2182 -
170 2141 251 2219 quod
280 2146 324 2198 vir
350 2145 527 2200 mitissimus
556 2150 588 2200 et
616 2143 655 2200 ob
683 2142 741 2200 hoc
768 2162 889 2220 quoque
917 2148 1070 2201 maximus

169 2248 313 2320 Thrasea,
342 2250 447 2306 crebro
478 2248 580 2307 dicere
616 2248 750 2307 solebat:
785 2248 867 2321 ‘Qui
894 2253 968 2308 vitia
1000 2251 1062 2318 odit,

170 2355 308 2414 homines
323 2355 408 2414 odit.'

211 2462 339 2535 Quaeris
367 2461 504 2534 fortasse,
531 2482 591 2540 quo
626 2470 794 2522 commotus
828 2463 905 2521 haec
936 2467 1061 2522 scribam.

170 2569 277 2646 Nuper
304 2569 524 2648 quidam-sed
550 2569 659 2627 melius
683 2589 802 2639 coram3
828 2589 1062 2648 quemquamne

169 2677 245 2727 tunc
269 2669 401 2746 quidem.
445 2668 561 2727 Vereor
581 2672 673 2739 enim,
697 2688 736 2725 ne
759 2667 801 2740 id,
821 2669 903 2745 quod
925 2672 1062 2747 improbo,

169 2787 221 2826 eos
235 2771 353 2838 sectari,
369 2787 503 2843 carpere,
518 2766 632 2825 referre
647 2766 727 2837 huic,
747 2767 828 2844 quod
851 2787 919 2825 cum
942 2774 1068 2844 maxime}

169 2869 379 2942 praecipimus
394 2872 554 2942 repugnet.
598 2863 742 2943 Quisquis
763 2863 825 2937 ille,
845 2865 1059 2946 qualiscunque.

169 2961 303 3034 sileatur,
318 2982 409 3039 quem
429 2967 574 3039 insignire
594 2963 726 3041 exempli
740 2963 828 3036 nihil,
841 2983 903 3022 non
917 2969 1059 3044 insignire,

169 3057 366 3118 humanitatis
380 3060 543 3136 plurimum
558 3061 661 3120 refert.
694 3062 787 3122 ,Vale

175 3169 228 3222 162
