2150 3444
282 231 371 289 THE
400 230 583 288 LETTERS
613 229 667 288 OF
697 229 823 287 PLINY

100 409 137 447 eo
151 389 210 460 die,
226 409 285 466 quo
300 396 371 446 sunt
386 391 519 445 coronati
533 407 540 457 3
560 387 636 445 nihil
651 391 733 444 enim
748 386 871 460 referre,
887 389 1009 466 quando
1048 454 1053 467 Ι

100 513 162 567 sint
176 512 304 584 patriam
323 511 446 580 invecti,
461 507 515 565 sed
536 507 658 584 quando
678 511 844 564 certamine
867 511 1009 578 vicerint,

101 647 138 685 ex
152 647 212 704 quo
226 626 329 684 invehi
344 630 469 702 possint.
513 626 580 701 Ego
599 626 823 684 contrascribo1
845 627 1008 686 ‘iselastici

101 745 239 803 nomine'
255 750 298 803 ita
312 745 367 804 ut2
381 744 581 802 vehementer
596 745 783 817 addubitem,
798 767 837 802 an
851 751 891 804 sit
905 751 1010 823 potius

100 868 131 925 id
159 874 292 943 tempuS,
315 885 375 942 quo
404 866 570 942 εἶσήλασαν,
591 866 782 924 intuendum.
827 867 926 924 lidem
955 870 1010 925 ob·
1042 867 1045 928 Ϊ

101 989 184 1043 sonia
199 992 312 1060 petunt
325 1004 380 1060 pro
395 1003 431 1040 eo
445 1003 554 1060 agone,
569 988 619 1061 qui
635 992 699 1042 ate
716 984 884 1042 iselasticus
908 983 1009 1042 factus
1041 1002 1046 1095 Ι

101 1111 157 1173 est,
172 1106 307 1179 quamvis
322 1106 459 1173 vicerint,
474 1111 547 1160 ante
562 1122 652 1180 quam
667 1102 762 1161 fieret.
806 1104 904 1162 Aiunt
924 1109 1007 1162 enim
1042 1174 1045 1182 Ι

101 1241 272 1297 congruens
293 1241 369 1293 esse,
392 1225 470 1278 sicut
492 1242 553 1278 non
578 1221 669 1279 detur
693 1223 750 1280 sibi
772 1242 827 1298 pro
851 1227 886 1280 iis
909 1232 1009 1282 certa-
1044 1268 1047 1327 p

101 1343 242 1412 minibus
275 1362 353 1420 quae
383 1362 449 1400 esse
480 1342 641 1413 iselastica,
668 1350 829 1419 postquam
856 1346 1010 1415 vicerunt,

101 1462 267 1533 desierunt,
281 1467 324 1520 ita
339 1483 393 1539 pro
407 1467 442 1520 iis
456 1462 531 1534 dari,
546 1482 623 1540 quae
638 1482 703 1520 esse
724 1471 898 1539 coeperunt.
945 1463 1011 1521 Hic

101 1601 221 1659 quoque
236 1600 297 1636 non
316 1580 511 1638 mediocriter
531 1580 652 1652 haereo,
665 1600 706 1638 ne
727 1584 901 1658 cuiusquam
924 1589 1009 1638 retro
1047 1522 1052 1641 l

102 1700 250 1758 habeatur
278 1704 363 1771 ratio,
391 1700 596 1778 dandumque,
625 1700 706 1777 quod
734 1708 818 1771 tunc,
843 1721 913 1757 cum
941 1705 1009 1757 vin·
1054 1755 1055 1762 ,

102 1827 218 1889 cerent,
233 1838 294 1875 non
309 1817 486 1876 debebatur.
532 1819 615 1895 Rogo
630 1838 712 1894 ergo,
728 1827 762 1876 ut
781 1819 1009 1900 dubitationem

102 1959 201 1996 meam
224 1958 340 2016 regere,
355 1937 387 1995 id
407 1947 454 1996 cst
476 1939 622 1996 beneficia
643 1947 696 1996 tua
717 1942 923 2014 interpretari,
940 1943 1007 2016 ipse

101 2059 243 2134 digneris.

504 2231 603 2287 CXIX

411 2373 565 2430 Tauranus
589 2371 692 2428 Panno

104 2517 107 2522 “
143 2516 334 2572 lsansucou
357 2522 431 2571 tunc
459 2517 591 2593 primum
619 2511 692 2568 mihi
721 2511 842 2569 videtur
869 2515 1007 2588 incipere

101 2622 215 2693 deberi,
239 2641 308 2679 cum
331 2625 397 2698 quis
416 2625 448 2677 in
468 2624 622 2678 civitatem
645 2639 729 2676 suam
752 2622 816 2695 ipse
840 2619 1004 2694 εἰσήλασεν.

103 2728 237 2784 Obsonia
265 2746 369 2783 eorum
403 2730 612 2796 certaminum,
641 2745 718 2803 quae
753 2723 903 2782 iselastica
938 2746 1006 2784 csse

101 2829 215 2903 placuit
229 2831 313 2900 mihi,
330 2835 354 2886 si
369 2838 440 2888 ante
455 2830 604 2888 iselastica
619 2850 681 2886 non
695 2829 830 2900 fuerunt,
845 2839 928 2888 retro
942 2851 1005 2889 non

133 2939 215 3003 1Ερςο
236 2943 414 2991 contra-scribo
435 2943 575 2992 ‘iselastioi
595 2945 714 2992 nomine'
737 2943 826 3003 Orelli,
846 2960 877 2993 ex
893 2961 921 3003 a,
940 2947 1002 3007 Aa,
1054 2927 1055 2936 ἵ

101 3003 157 3064 Ego
168 3009 260 3052 contra
271 3005 357 3054 scribo
368 3007 397 3055 is.
413 3023 480 3055 nom.

133 3064 144 3093 ²
160 3067 199 3114 ita
211 3075 242 3116 ut
254 3068 405 3128 Beroaldus,
419 3072 509 3134 itaque
520 3087 610 3121 eorum
622 3089 648 3131 a,
663 3073 712 3122 Av.

103 3156 162 3222 428
