2114 3440
303 192 392 249 THE
420 191 603 268 LETTERS
632 191 686 250 or
716 191 842 248 emur

64 407 67 414 ,
121 354 190 426 Quo
213 357 308 428 magis
330 356 430 422 miror,
453 350 534 428 quod
557 351 660 408 scribis
683 349 775 408 fuisse
797 349 959 428 quosdam,
986 365 1049 428 qui

120 471 394 550 reprehenderent,
416 471 497 549 quod
519 475 670 530 orationes
698 474 822 528 omniuo
848 473 1032 528 recitarem

120 596 178 650 nisi
206 611 277 650 vero
312 591 366 649 has
393 591 470 648 solas
497 610 559 648 non
586 598 697 668 putant
727 589 945 648 emendandas.
1013 594 1049 648 A

121 713 230 789 quibus
258 710 390 768 libenter
412 713 610 788 requisierim,
632 731 684 767 cur
709 709 889 781 concedant,
910 715 938 767 si
960 731 1049 768 con-

122 826 234 884 cedant
257 833 372 896 tamen,
393 825 549 884 historiam
572 825 686 883 debere
711 829 842 898 recitari,
863 845 943 902 quae
971 847 1049 884 non

121 943 329 1010 ostentationi,
358 941 413 999 sed
440 941 511 998 fidei
538 945 721 1018 veritatique
746 946 949 1019 componitur,
983 963 1049 1000 cur

121 1055 319 1133 tragoediam,
339 1075 417 1132 quae
445 1076 507 1113 non
529 1057 721 1129 auditorium,
744 1057 799 1116 sed
827 1077 972 1116 scaenam
1006 1069 1046 1117 et

121 1177 248 1240 actoreS,
262 1189 315 1226 cur
329 1169 431 1247 lyrica,
446 1191 524 1247 quae
539 1190 600 1228 non
614 1171 771 1243 lectorem,
786 1170 840 1229 sed
855 1170 987 1228 chorum
1005 1181 1043 1230 et

121 1276 218 1354 lyram
232 1283 369 1352 poscunt.

164 1391 207 1448 At
229 1390 335 1448 horum
364 1396 503 1450 recitatio
530 1412 585 1449 usu
614 1397 672 1448 iam
700 1400 824 1468 recepta
846 1400 901 1450 est.
948 1393 1037 1450 Num

123 1524 196 1581 ergo
224 1504 392 1582 culpandus
415 1515 462 1564 est
490 1507 551 1577 ille,
580 1511 631 1584 qui
659 1509 781 1583 coepit?
836 1506 1049 1584 Quamquam*

122 1631 273 1685 orationes
314 1648 434 1706 quoque
471 1636 504 1686 et
540 1632 635 1685 nostri
676 1628 800 1705 quidam
842 1636 874 1686 et
920 1628 1035 1688 Graeci

122 1741 347 1801 lectitaverunt.
383 1742 608 1819 Supervacuum
622 1751 726 1800 tamen
741 1751 788 1801 est
801 1747 939 1812 recitare,
950 1764 1033 1820 quae

123 1859 243 1916 dixeris.
288 1859 399 1931 Etiam,
413 1863 438 1916 si
453 1859 560 1917 eadem
582 1863 692 1930 omnia,
712 1863 736 1917 si
756 1859 865 1918 iisdem
879 1861 1033 1932 omnibuS,

124 1980 149 2033 si
182 1979 286 2034 statim
320 1978 448 2044 recites;
490 1979 514 2032 si
547 1995 618 2033 vero
652 1976 749 2034 multa
783 1980 905 2046 inseras,
931 1978 1030 2036 multa

124 2099 302 2162 commutes,
324 2095 348 2148 si
369 2092 515 2168 quosdam
536 2112 638 2162 novos,
659 2092 804 2169 quosdam
826 2091 957 2162 eosdem,
972 2094 1029 2151 sed

124 2215 194 2284 post
216 2215 337 2283 tempus
359 2206 508 2276 adsumas,
523 2226 576 2263 cur
596 2210 696 2265 minus
709 2206 872 2283 probabilis
887 2210 926 2263 sit
939 2227 1028 2266 causa

123 2321 281 2392 recitandi,
301 2340 378 2399 quae
398 2320 520 2392 dixeriS,
541 2341 637 2399 quam
653 2321 800 2400 edendi?N
827 2320 888 2379 Sed
908 2320 1027 2381 difficile

125 2445 181 2508 est,
204 2444 239 2498 ut
263 2439 366 2506 oratio,
395 2435 468 2493 dum
493 2439 647 2520 recitatur,
669 2434 840 2493 satisfaciat.
884 2435 947 2492 Iam
968 2436 1026 2495 hoc

123 2551 163 2609 ad
177 2550 311 2608 laborem
333 2555 490 2608 recitantis
509 2554 655 2627 pertinet,
676 2570 737 2607 non
751 2550 791 2607 ad
805 2553 950 2608 rationem
964 2572 1024 2610 non

124 2665 281 2725 recitandi.

166 2780 231 2838 Nec
246 2801 317 2839 vero
331 2801 400 2859 ego,
421 2781 494 2839 dum
516 2785 622 2852 recito,
637 2781 763 2852 laudari,
777 2781 830 2838 sed
846 2780 918 2838 dum
932 2780 1022 2858 legor,

124 2899 221 2971 cupio.
278 2898 387 2976 Itaque
415 2896 532 2954 nullum
561 2895 745 2954 emendandi
780 2916 877 2973 genus
910 2901 1019 2957 omitto.

126 3009 171 3066 Ac
199 3013 338 3085 primum,
360 3030 437 3088 quae
466 3013 580 3086 scripsi,
610 3031 730 3068 mecum
764 3015 828 3088 ipse
856 3020 1019 3088 pertract03

126 3135 164 3188 40
