2158 3436
326 190 415 248 THE
444 190 627 248 LETTERS
656 191 711 248 OF
740 191 866 248 PLINY

141 371 201 427 quo
236 351 362 427 obligari
397 371 464 426 eg0,
493 371 532 408 ne
567 351 666 408 dicam
700 351 773 421 solo,
805 359 890 410 certe
918 358 1044 410 maxime

141 459 284 534 possum?
1067 449 1068 516 l

183 565 273 636 Quod
288 570 312 623 si
327 565 370 623 illi
386 565 500 622 nullam
515 570 620 636 vicem,
635 565 719 622 nulla
733 570 817 644 quasi
831 574 939 623 mutua
953 567 1046 623 officia

143 672 297 745 deberem,
327 673 503 730 sollicitarer
536 681 641 731 tamen
675 673 724 730 vel
759 677 883 749 ingenio
918 674 1048 731 hominis

143 777 346 854 pulcherrimo
381 787 414 837 et
448 783 579 836 maximo
613 787 646 836 et
680 783 712 835 in
740 799 856 837 summa
884 785 1046 839 severitate

140 884 313 942 dulcissimo
346 886 395 943 vel
422 886 583 944 honestate
610 890 764 944 materiae.
808 885 920 944 Scribit
948 867 1068 956 exitusl

140 992 302 1050 illustrium
330 993 469 1065 virorum,
497 998 530 1050 in
553 997 588 1051 iis
616 993 805 1071 quorundam
832 993 906 1050 mihi
935 1000 1046 1053 carissi-

139 1121 265 1158 morum.
309 1101 422 1159 Videor
436 1122 509 1178 ergo
524 1101 610 1178 fungi
632 1106 682 1178 pio
704 1121 840 1173 munere,
855 1122 1045 1182 quorumque

140 1211 297 1285 exsequias
321 1208 474 1266 celebrare
498 1227 560 1265 non
587 1207 682 1279 licuit,
706 1207 815 1265 horum
843 1213 928 1286 quasi
957 1210 1046 1269 fune-

139 1317 241 1372 bribus
266 1315 489 1372 laudationibus
511 1319 584 1372 seris
607 1314 741 1391 quidem,
756 1315 810 1373 sed
834 1323 923 1373 tanto
946 1322 1044 1394 magis
1067 1367 1068 1396 ¹

140 1427 218 1480 veris
232 1427 387 1481 interesse.
431 1421 513 1478 Vale.
1067 1427 1068 1432 ’

551 1633 628 1689 Xlll

368 1791 399 1848 C.
418 1791 758 1850 Pu1u1uannunusuo
774 1793 803 1850 S.

180 1949 290 2019 Pnouo,
325 1948 406 2026 quod
441 1948 559 2007 libellos
593 1969 676 2006 meos
711 1970 780 2006 curn
808 1957 895 2026 patre
929 1951 1041 2028 legisti.
1067 1925 1068 1986 l

140 2056 278 2113 Pertinet
305 2055 344 2112 ad
371 2054 542 2132 profectum
577 2063 664 2112 tuum
698 2077 716 2112 a
744 2056 942 2114 disertissimo
978 2063 1041 2115 viro

136 2164 262 2234 discere,
297 2163 370 2241 quid
404 2162 598 2233 laudandum,
634 2163 707 2240 quid
742 2163 1040 2240 reprehendendum,

138 2271 225 2327 simul
241 2274 283 2327 ita
297 2274 425 2339 institui,
440 2277 475 2326 ut
489 2290 593 2327 verum
608 2269 709 2327 dicere
724 2270 890 2328 adsuesces.
936 2271 1040 2343 Vides

136 2396 228 2453 quern
250 2380 345 2454 sequi,
373 2380 457 2434 cuius
480 2375 592 2434 debeas
615 2377 742 2454 implere
771 2381 905 2454 vestigia.
949 2377 980 2436 O
1008 2387 1040 2437 te

136 2484 270 2553 beatum,
286 2486 335 2539 cui
359 2486 488 2559 contigit
510 2487 611 2540 vivum
632 2491 724 2560 atque
745 2484 828 2541 idem
842 2488 993 2560 optimum
1008 2495 1041 2543 et

136 2593 413 2646 coniunctissimum
435 2588 598 2664 exemplar,
613 2593 664 2666 qui
679 2588 812 2667 denique
827 2610 897 2647 eum
919 2595 1038 2666 potissi-

135 2715 218 2753 mum
231 2695 412 2752 imitandum
426 2695 528 2766 habes
544 2699 592 2752 cui
606 2703 713 2753 natura
727 2715 792 2754 esse
806 2704 838 2754 te
852 2697 1039 2757 simillimum

135 2801 248 2859 voluit!
291 2801 373 2858 Vale.
