2150 3444
320 204 410 262 THE
439 205 623 264 LETTERS
652 207 708 264 OF
736 205 865 264 PLINY

180 362 246 438 Ego
273 382 291 418 a
318 346 479 420 destinatis
506 364 690 435 censoribus,
718 364 792 442 quid
819 368 988 437 sentirem,
1012 371 1051 422 in-

138 463 310 533 terrogatus
333 475 384 514 eos
408 456 541 533 quidem,
564 460 615 534 qui
642 461 774 516 minores
802 462 935 535 triginta
967 465 1052 517 annis

139 554 304 627 gessissent
331 554 552 627 magistratum,
573 553 718 627 putabam
740 571 827 629 posse
850 557 883 608 in
906 562 1052 611 senatum

139 652 172 701 et
200 643 367 702 secundum
389 642 524 700 edictum
547 645 678 722 Augusti
700 652 733 702 et
754 644 925 702 secundum
950 645 1054 724 legem

140 739 314 814 Pompeiam
328 737 399 813 legi,
411 741 553 815 quoniam
565 737 723 814 Augustus
734 757 841 814 gerere
849 743 1054 816 magistratus

138 832 304 888 minoribus
324 835 411 889 annis
431 835 559 908 triginta
580 825 776 909 permisisset,
800 832 850 890 lex
871 841 1051 891 senatorem

139 945 205 983 esse
233 924 386 996 voluisset,
415 928 466 1001 qui
495 929 639 1001 gessisset
666 929 888 1002 magistratum.
936 925 994 984 De
1021 933 1050 984 iis

138 1027 251 1090 autem,
279 1023 331 1096 qui
358 1039 420 1076 non
448 1023 622 1096 gessissent,
650 1025 786 1097 quamvis
809 1027 916 1079 essent
939 1028 1050 1081 aetatis

139 1112 276 1171 eiusdem
304 1117 388 1170 cuius
423 1113 477 1184 illi,
506 1115 615 1191 quibus
643 1134 751 1189 gerere
779 1119 967 1192 permissum
998 1126 1049 1188 est,

138 1206 343 1282 haesitabam,
365 1227 419 1284 per
440 1207 522 1285 quod
543 1207 686 1265 effectum
707 1215 764 1279 est,
789 1216 824 1266 ut
844 1216 896 1280 te,
911 1209 1049 1280 domine,

138 1300 337 1369 consulerem,
352 1300 425 1378 quid
439 1302 588 1358 observari
605 1301 707 1359 velles.
751 1301 857 1379 Capita
874 1302 970 1381 legis,
985 1313 1047 1363 tum

139 1395 273 1453 edictum
288 1395 430 1472 Augusti,
443 1396 555 1454 litteris
570 1397 692 1454 subieci.

536 1669 652 1747 LXXX

449 1826 603 1884 Tauranus
626 1826 730 1884 Pumuo

180 1985 455 2042 quunruumrroui
477 1992 558 2056 tuae,
573 1989 615 2042 mi
630 1984 770 2044 Secunde
785 1990 948 2060 carissime,
964 1989 1043 2047 idem

138 2095 278 2149 existimo
292 2091 449 2163 hactenus,
464 2091 566 2149 edicto
580 2091 641 2148 divi
659 2091 791 2169 Augusti
812 2101 956 2151 novatam
967 2116 1044 2178 'esse

137 2196 239 2274 legem
275 2196 448 2273 Pompeiam
479 2205 515 2255 ut
542 2203 752 2275 magistratum
780 2199 904 2277 quidem
934 2222 1044 2279 capere

137 2307 254 2380 possint
268 2307 297 2374 ii,
313 2307 364 2380 qui
383 2323 445 2360 non
464 2308 594 2380 minores
616 2305 744 2362 duorum
766 2314 798 2364 et
819 2297 928 2382 vigInti
951 2329 1044 2368 auno

137 2430 205 2467 rum
228 2418 340 2482 essent,
363 2418 404 2481 et,
426 2415 478 2487 qui
499 2415 661 2487 cepissent,
682 2415 715 2468 in
736 2421 875 2470 senatum
897 2419 1043 2495 cuiusque

137 2522 267 2575 civitatis
281 2521 478 2595 pervenirent
519 2519 663 2577 Ceterum
678 2540 740 2577 non
754 2529 844 2597 capto
860 2526 1043 2598 magistratu

137 2646 198 2696 eos,
220 2629 272 2702 qui
292 2629 424 2682 minores
444 2629 572 2702 triginta
591 2646 739 2684 annorum
760 2631 831 2699 sint,
846 2631 916 2705 quia
936 2637 1045 2709 magis-

136 2741 251 2791 tratum
270 2753 378 2808 capere
398 2737 524 2808 possint,
538 2737 570 2789 in
590 2737 703 2790 curiam
716 2737 811 2791 'etiam
824 2731 883 2790 loci
897 2739 1043 2816 cuiusque

137 2857 198 2893 non
213 2841 352 2894 existimo
367 2838 429 2915 legi
443 2858 538 2914 posse.
897 2819 906 2836 ο

139 3141 196 3213 382
