2162 3438
311 199 400 256 THE
429 197 613 256 LETTERS
643 198 697 257 OF
727 197 853 256 PLINY

560 381 604 438 IV

343 524 514 582 C.P1,m1us
538 526 682 583 Macrino
704 525 765 584 Suo
788 525 817 584 S.

167 671 324 741 Vesunna,
339 691 379 728 ne
401 671 592 728 immodicam
607 675 774 729 orationem
795 681 928 750 putareS,
943 693 1038 751 quam

127 810 196 847 cum
217 790 274 847 hac
296 790 426 866 epistula
447 795 585 867 accipies,
600 795 657 849 nisi
672 801 754 850 esset
774 797 896 869 generis
910 796 986 863 eius,
1003 801 1040 850 ut

128 928 218 986 saepe
233 912 376 986 incipere,
389 929 478 986 saepe
493 910 632 968 desinere
644 911 791 969 videatur.
815 911 894 968 Nam
909 911 1039 988 singulis

127 1031 301 1087 criminibus
316 1030 552 1107 singulae-velut
567 1051 673 1090 causae
688 1035 893 1089 continentur.
918 1031 1039 1090 Poteris

127 1167 211 1225 ergo,
226 1149 429 1226 undecunque
444 1154 603 1227 inceperis,
618 1153 791 1228 ubicunque
806 1151 942 1222 desieris,
957 1172 1039 1230 quae

129 1269 274 1344 deinceps
296 1277 472 1346 sequentur,
498 1277 530 1327 et
558 1274 642 1347 quasi
666 1273 844 1345 incipientia
871 1270 976 1348 legere
1007 1280 1040 1330 et

129 1391 213 1464 quasi
229 1387 423 1446 cohaerentia
433 1408 544 1466 meque
559 1393 590 1444 in
605 1393 803 1447 universitate
817 1389 1040 1465 longissimum,
1068 1383 1069 1388 ἵ

129 1509 338 1565 brevissimum
352 1512 384 1564 in
398 1510 534 1586 partibus
549 1509 690 1566 iudicare.
734 1508 817 1566 Vale.

568 1735 595 1791 V

359 1882 390 1939 C.
415 1881 669 1946 PmmusTmmu
691 1883 752 1940 Suo
774 1881 804 1941 S.

170 2031 307 2089 Euunum
327 2032 401 2090 iacis
422 2031 555 2111 (inquiro
581 2036 672 2106 enim,
698 2040 731 2089 et
754 2031 930 2111 persevere)
956 2035 1040 2111 quod

129 2154 275 2209 iustitiam
317 2159 401 2208 tuam
443 2150 676 2227 provincialibus
711 2150 807 2208 multa
844 2151 1040 2210 humanitate

130 2270 343 2340 commendas;
364 2274 448 2326 cuius
469 2274 631 2346 praecipua
645 2289 713 2346 pars
728 2277 776 2327 est
790 2269 1040 2328 honestissimum

131 2415 285 2473 quemque
305 2393 466 2469 complecti
488 2401 580 2470 atque
602 2398 645 2451 ita
666 2413 684 2449 a
704 2394 870 2450 minoribus
884 2398 989 2464 amari,
1007 2403 1041 2452 ut

132 2519 221 2577 simul
241 2539 259 2574 a
280 2519 466 2594 principibus
487 2516 622 2593 diligare.
668 2516 808 2593 Plerique
829 2525 942 2588 autem,
965 2517 1041 2574 dum

133 2648 286 2711 verentur,
315 2660 354 2697 ne
383 2644 498 2716 gratiae
525 2644 699 2717 potentium
727 2643 854 2696 nimium
882 2642 1041 2715 impertire

134 2767 303 2836 videantur,
339 2769 543 2822 sinisteritatis
584 2772 677 2843 atque
713 2769 805 2822 etiam
840 2763 1042 2840 malignitatis

135 2890 244 2946 famam
260 2896 493 2967 consequuntur.
528 2889 555 2945 A
571 2909 631 2966 quo
645 2894 719 2946 vitio
733 2897 766 2946 tu
782 2889 874 2965 longe
888 2895 1042 2949 recessisti

136 3010 234 3091 (scio),
255 3013 309 3070 sed
333 3021 504 3088 temperare
525 3012 601 3069 mihi
623 3032 684 3069 non
706 3032 838 3088 possum,
858 3032 919 3090 quo
939 3018 1041 3072 minus

142 3137 197 3196 182
