2162 3438
327 237 416 296 THE
446 235 628 297 LETTERS
656 238 711 296 OF
740 234 867 293 PLINY

145 402 303 474 municeps
330 401 433 473 ipsius,
461 400 512 473 qui
541 394 593 453 illo
620 397 671 454 die
705 399 835 472 primum
864 403 994 453 venerat
1018 398 1045 451 in

146 531 270 600 urbem3
286 533 334 586 cui
350 529 474 586 Rufinus
489 529 700 586 demonstrans
711 548 781 586 me:
803 528 916 586 ‘Vides
930 527 1042 586 huuc?

150 659 250 719 Multa
272 659 385 718 deinde
407 659 446 718 de
471 660 579 718 studiis
601 665 720 720 nostris.
775 661 816 719 Et
838 661 891 719 ille
916 661 1050 718 ‘Plinius

151 793 216 850 est'
241 796 350 869 inquit.
403 792 517 851 Verum
527 792 664 866 ¹fatebor,
680 798 765 872 capio
779 813 927 872 magnum
942 795 1049 852 laboris

148 929 209 982 mei
223 925 365 983 fructum.
408 927 468 999 An,
483 930 507 984 si
523 925 749 987 Demosthenes
764 933 828 987 iure
843 927 980 986 laetatus
1000 935 1050 996 est,

149 1057 231 1134 quod
255 1055 341 1114 illum
363 1078 438 1115 anus
463 1057 567 1117 Attica
594 1063 638 1118 ita
666 1063 836 1131 noscitavit,
860 1059 974 1125 Ὀὗτός
996 1065 1051 1120 ἐστι

150 1191 355 1267 Δημοσθένης,’
366 1210 424 1267 ego
434 1191 614 1249 celebritate
628 1196 759 1250 nominis
773 1195 834 1250 mei
848 1191 987 1268 gaudere
997 1213 1051 1250 non

150 1324 270 1384 debeo?
303 1326 369 1404 Ego
393 1346 464 1383 vero
488 1335 521 1384 et
542 1327 663 1403 gaudeo
687 1336 720 1385 et
735 1325 878 1403 ¹gaudere
903 1347 955 1384 me
980 1326 1051 1384 dico.

152 1459 261 1537 Neque
276 1463 358 1517 enim
373 1479 487 1530 vereor,
501 1480 541 1518 ne
563 1464 725 1518 iactantior
737 1459 851 1531 videar,
866 1480 938 1518 cum
951 1459 995 1518 de
1009 1479 1052 1516 me

152 1591 277 1648 aliorum
310 1591 454 1650 iudicium
489 1612 552 1650 non
582 1611 685 1651 meum
719 1591 849 1669 profero,
877 1597 1052 1668 praesertim

77 1745 81 1754 ’
152 1725 233 1803 apud
262 1734 303 1798 te,
327 1731 379 1804 qui
407 1747 464 1785 nec
488 1727 578 1785 ullius
600 1727 719 1786 invides
743 1726 884 1786 laudibus
914 1735 948 1784 et
978 1727 1055 1784 faves

153 1861 271 1917 nostris.
315 1859 399 1918 Vale.

560 2163 665 2222 XXIV

359 2310 390 2367 C.
415 2309 536 2366 Purruus
557 2309 723 2367 sinuoso
744 2306 806 2366 Suo
828 2307 858 2366 S.

199 2453 283 2512 Buris
305 2453 415 2526 fecisti,
430 2454 512 2531 quod
525 2454 671 2512 libertum
694 2453 858 2530 aliquando
881 2454 938 2511 tibi
960 2473 1056 2511 carum

158 2579 376 2638 reducentibus
401 2578 538 2656 epistulis
566 2583 642 2637 meis
666 2583 699 2636 in
718 2579 851 2650 domum,
876 2582 909 2635 in
929 2583 1058 2635 animum

160 2709 310 2781 recepisti.
355 2704 475 2762 Iuvabit
497 2704 555 2762 hoc
580 2712 633 2774 te;
653 2725 703 2762 me
728 2713 813 2763 certe
827 2709 920 2776 iuvat,
935 2707 1059 2782 primum

162 2829 242 2907 quod
258 2837 290 2887 te
305 2829 594 2887 tamtractubilem1
609 2828 707 2900 video,
722 2833 802 2887 utin
817 2833 861 2886 ira
882 2833 947 2905 regi
961 2835 1060 2906 possis⁸

164 2951 277 3009 deinde
291 2950 373 3029 quod
395 2959 517 3009 tantum
541 2951 616 3008 mihi
639 2953 757 3024 tribuis,
772 2961 806 3010 ut
821 2952 870 3010 vel
892 2959 1060 3012 auctoritati

274 3088 283 3120 ¹
300 3095 357 3139 tum
368 3087 536 3139 tractabilem
548 3089 589 3152 M,
603 3091 708 3151 Miller,
721 3091 801 3142 talem
813 3107 840 3153 α,
855 3091 961 3156 Bipona

170 3185 227 3242 228
