2150 3444
300 221 389 278 THE
418 219 602 298 LETTERS
630 221 685 278 OF
716 218 842 277 PLINY

504 451 649 508 LXXXV

293 575 324 632 C.
350 574 470 631 Pmnms
491 573 629 629 Tnnmno
652 571 840 628 lmmnmom

160 697 324 765 Mnxmon,
376 694 521 752 libertum
569 700 601 749 et
649 699 875 767 procuratorem
935 701 1034 760 tuum,

117 789 249 859 domine,
278 809 333 865 per
360 808 450 845 omne
478 795 610 863 tempuS,
633 806 694 863 quo
721 785 834 843 fuimus
863 805 942 856 una,
969 807 1034 862 pro

118 886 190 941 bum
212 891 245 940 et
265 883 449 940 industrium
471 889 503 938 et
525 880 707 956 diligentem
727 899 761 935 ac
784 883 862 936 sicut
886 884 935 936 rei
964 889 1032 938 tuae

116 980 355 1034 amantissimum
370 980 413 1032 ita
435 974 611 1050 disciplinae
632 975 858 1030 tenacissimum
883 983 1033 1050 expertus

117 1072 250 1129 libenter
264 1070 344 1146 apud
360 1078 392 1127 te
407 1072 583 1127 testimonio
605 1086 770 1144 prosequor
791 1087 827 1124 ea
849 1068 925 1140 lide,
942 1089 1031 1146 quam

116 1167 174 1224 tibi
188 1164 294 1223 debeo.

471 1305 630 1363 LXXXVI
642 1326 658 1361 n

297 1442 328 1499 C.
354 1441 627 1498 PmmosTnlmno
652 1441 839 1497 lnpnnmom

158 1580 281 1635 Gnomn
319 1577 446 1646 Elisson,
474 1575 607 1646 domine,
631 1573 820 1651 praefectum
849 1594 923 1632 orae
953 1575 1026 1632 Pon-

115 1693 205 1758 ticae,
239 1691 404 1762 integrum,
434 1685 572 1761 probum,
597 1682 789 1753 industrium,
817 1689 915 1758 atque
948 1687 1026 1740 inter

116 1800 174 1853 iste
202 1796 479 1853 reverentissimum
506 1795 567 1848 mei
592 1798 735 1866 expertus
757 1797 828 1847 voto
852 1795 972 1866 pariter
995 1801 1024 1849 et

117 1903 256 1978 suffragio
271 1919 435 1976 prosequor
450 1919 485 1955 ea
499 1898 568 1969 fide,
583 1917 673 1974 quam
688 1899 744 1954 tibi
758 1895 865 1954 debeo.

475 2157 633 2214 LXXXVI
647 2177 664 2214 n

292 2285 322 2341 C.
348 2284 468 2340 Pmmus
489 2282 628 2339 Tmmno
650 2282 839 2340 mmmmm

159 2419 275 2475 Fnoion
296 2417 463 2473 Vlmmm
478 2421 661 2474 instructum
676 2416 852 2474 commilitio
866 2425 918 2474 tuo
934 2419 1019 2477 valde
1051 2399 1052 2411 γ

116 2527 222 2602 probo,
236 2529 319 2583 euius
341 2524 517 2601 disciplinae
539 2524 633 2582 debet
653 2524 735 2601 quod
756 2523 947 2602 indulgentia
968 2535 1018 2584 tua

117 2634 228 2710 dignus
245 2640 300 2691 est
344 2630 436 2708 Apud
457 2652 506 2689 me
526 2639 559 2689 et
573 2632 685 2690 milites
700 2641 733 2690 et
747 2637 867 2709 pagani,
881 2654 898 2689 a
912 2637 1018 2710 quibus

43 2751 45 2756 “
117 2745 233 2798 iustitia
257 2745 320 2797 eius
344 2748 376 2796 et
397 2739 569 2796 humanitas
590 2743 727 2815 inspecta
752 2749 809 2811 est,
830 2744 966 2798 certatim
988 2748 1015 2800 ei

118 2866 177 2921 qua
199 2851 339 2920 privatim
359 2866 419 2922 qua
443 2844 563 2920 publice
585 2851 761 2904 testimonia
783 2849 1013 2924 pertribuerunt.

119 2950 209 3019 Quod
233 2955 265 3006 in
287 2955 428 3008 notitiam
449 2960 533 3008 tuam
556 2952 677 3028 perfero
701 2974 738 3011 ea
760 2953 819 3012 fide
847 2976 933 3033 quam
961 2960 1014 3016 tibi

119 3053 224 3109 debeo.

121 3176 180 3228 390
