2150 3444
294 203 383 260 THE
407 201 590 260 LETTERS
619 203 675 260 OF
705 201 830 258 PLlNY

479 459 656 517 LXXXVII

288 623 319 680 C.
345 623 464 680 Puuuus
485 623 623 686 Turrino
646 623 834 679 Iuennarosu

155 783 361 840 Nvurmmuu
392 779 512 851 Lucum,
535 778 667 850 domine,
691 777 914 855 primipilarem
949 799 1033 836 com-

113 907 283 964 militonem
319 905 421 975 habui,
449 925 519 962 cum
554 908 619 980 ipse
654 905 794 961 tribunus
829 923 949 974 essem,
983 904 1032 960 ille

113 1032 293 1109 praefectus.
339 1030 415 1088 Inde
430 1028 619 1086 familiariter
633 1028 761 1104 diligere
777 1030 872 1103 coepi.
920 1028 1032 1086 Crevit

113 1165 219 1233 postea
260 1159 367 1212 caritas
409 1158 473 1230 ipsa
508 1161 633 1211 mutuae
668 1160 822 1210 vetustate
857 1155 1029 1210 amicitiae.

115 1280 223 1356 Itaque
239 1287 271 1336 et
285 1282 382 1355 quieti
397 1281 461 1335 eius
477 1281 569 1334 inieci
587 1296 710 1334 manum
733 1283 765 1334 et
790 1279 892 1352 exegi,
914 1284 956 1333 ut
981 1296 1028 1332 me

113 1407 145 1459 in
160 1403 304 1480 Bithynia
318 1402 443 1460 consilio
457 1406 630 1460 instrueret.
667 1399 757 1472 Quod
773 1400 824 1458 ille
839 1404 1026 1459 amicissime

117 1535 149 1585 et
164 1531 218 1584 otii
234 1535 266 1585 et
281 1530 448 1584 senectutis
463 1530 580 1584 ratione
595 1529 762 1602 postposita
777 1533 810 1582 et
823 1529 884 1580 iarn
899 1524 981 1582 fecit
995 1533 1025 1581 et

113 1653 246 1710 facturus
266 1659 320 1709 est.
365 1651 483 1722 Quibus
508 1671 545 1708 ex
569 1654 665 1707 causis
689 1648 932 1706 necessitudines
960 1654 1024 1706 eins

113 1773 194 1825 inter
216 1787 299 1824 meas
324 1786 461 1836 numero,
485 1765 579 1822 filium
602 1769 634 1821 in
658 1768 771 1841 primis
798 1763 1021 1840 Nymphidium

114 1891 245 1967 Lupum,
273 1896 414 1948 iuvenem
450 1892 587 1967 probum,
615 1889 798 1948 industrium
833 1897 866 1946 et
894 1895 1020 1968 egregio

113 2023 200 2090 patre
228 2015 449 2091 dignissimum,
473 2014 668 2072 suffecturum
696 2013 906 2091 indulgentiae
935 2024 1018 2086 tuae,
1057 2085 1058 2088 Ἴ

114 2145 193 2198 sicut
207 2144 311 2216 primis
327 2144 391 2197 eius
406 2143 623 2215 experimentis
638 2158 820 2215 cognoscere
835 2148 931 2216 potes,
947 2161 1016 2199 cuin
1057 2165 1058 2170 ¹

114 2265 287 2342 praefectus
321 2264 452 2322 cohortis
480 2262 689 2340 plenissimum
716 2267 923 2322 testimonium
952 2287 1015 2324 rne-
1057 2273 1058 2310 i

113 2393 208 2446 ruerit
224 2388 282 2445 Iuli
305 2388 424 2444 Ferocis
439 2394 471 2444 et
486 2386 573 2443 Fusci
588 2385 772 2456 Salinatoris,
787 2384 1016 2445 clarissimorum

114 2516 252 2568 virorum.
305 2511 411 2567 Meum
439 2510 593 2586 gaudium,
622 2507 755 2580 domine,
778 2529 877 2566 meam
909 2520 1012 2585 gratu·
1057 2541 1058 2544 ¹

113 2636 259 2693 lationem
275 2633 327 2690 filii
342 2633 471 2692 honores
486 2633 679 2691 continebis.¹

275 2764 284 2794 ¹
297 2763 443 2812 continebis
457 2762 560 2822 Calan,
573 2765 741 2813 continerent
753 2764 812 2824 Au,
826 2782 851 2813 a.

146 2879 159 2899 a
176 2870 218 2918 te.
231 2869 379 2982 (ρτοϋῑὼίἔ)
392 2870 420 2918 of
436 2870 482 2918 the
494 2886 579 2945 camp,
593 2876 641 2920 not
653 2871 680 2920 ol
697 2872 824 2948 succhort,
839 2872 892 2922 like
902 2873 945 2950 ¹bia
961 2855 1009 2927 son
1057 2883 1058 2888 ’

116 2936 169 2991 (see
181 2933 282 2991 below).
322 2938 338 2959 “
367 2950 423 2982 mco
435 2935 481 2983 the
499 2939 564 2984 tune
581 2936 609 2983 of
626 2936 762 2986 Domrtmn
779 2938 843 2986 euch
861 2939 938 3003 logion
957 2942 1008 2994 had

113 3012 129 3044 a
157 3001 278 3058 separato
300 3013 384 3061 canip,
408 2999 462 3047 and
484 2999 653 3066 accordingly
675 3018 691 3050 a
719 3009 841 3068 separate
866 3005 1008 3068 prusscctus

117 3147 172 3201 392
