2162 3438
321 186 409 244 THE
438 186 621 255 LETTERS
651 186 705 244 OF
735 185 862 242 PLINY

81 341 84 346 ’
139 364 257 423 quaque
267 344 436 402 laudandus
445 353 511 414 est;
531 349 556 402 si
565 335 660 402 unum
669 343 793 430 aquuid,
801 348 903 411 miuus
912 344 1046 420 quidem,
1065 345 1066 364 ¹

140 468 307 526 laudandus
320 477 432 527 tamen.
476 469 552 526 Tam
566 462 728 527 rarum'est
742 473 834 526 etiam
846 466 1048 547 imperfectae

138 592 328 658 liberalitatis
352 592 514 669 exemplar.
559 591 603 649 Ea
617 582 727 674 invasit
740 561 889 662 ⁴homines
913 591 1051 650 habendi

95 769 96 772 ,
139 716 259 795 cupido,
273 724 308 774 ut
322 717 469 793 possideri
482 721 578 793 magis
592 737 682 794 quarn
697 715 851 793 possidere
873 715 1048 774 videantur.

140 841 223 899 Vale.

536 1015 642 1073 XXXI

372 1147 403 1203 C.
429 1146 549 1204 Primus
571 1146 673 1205 Sanno
695 1145 762 1205 Suo
778 1147 807 1204 S.

182 1278 340 1344 Posrouau
363 1299 380 1335 a
402 1287 435 1337 te
458 1283 577 1351 recessi,
600 1299 662 1337 non
686 1284 787 1336 miuus
810 1287 926 1350 tecum,
958 1301 1048 1358 quam

140 1411 209 1448 cum
233 1389 315 1467 apud
338 1363 377 1448 te*
396 1389 448 1449 fui.
492 1390 569 1468 Legi
597 1393 679 1447 enim
707 1390 817 1447 librum
844 1398 934 1447 tuum
963 1391 1048 1450 iden-

94 1536 98 1544 ·
139 1501 236 1559 tidem
271 1509 414 1578 repetens
449 1520 485 1557 ea
518 1505 649 1558 maxime
677 1499 753 1580 (non
781 1505 863 1559 enim
891 1500 1047 1580 mentiar),

139 1632 217 1689 quae
232 1612 271 1670 de
285 1632 334 1670 me
357 1615 512 1689 scripsisti,
527 1615 559 1668 in
573 1613 682 1689 quibus
704 1610 829 1688 quidem
852 1617 1047 1689 percopiosus

139 1725 232 1785 fuisti.
268 1724 376 1797 'Quam
400 1726 506 1797 multa,
520 1745 610 1803 quam
633 1730 721 1796 varia,
736 1745 827 1803 quam
850 1701 912 1784 nou
939 1726 1045 1784 eadem

140 1837 179 1894 de
214 1835 322 1894 eodem
357 1856 415 1894 nec
445 1845 549 1894 tamen
581 1836 698 1894 diversa
728 1834 852 1894 dixisti!
908 1810 1044 1893 Laudem

141 1953 254 2025 pariter
281 1956 314 2005 et
342 1952 453 2025 gratias
480 1949 592 2026 agam?
645 1947 796 2006 Neutrum
823 1951 895 2006 satis
923 1967 1044 2026 possum

140 2067 182 2131 et,
210 2064 235 2117 si
260 2079 388 2136 possem,
417 2065 566 2134 timerem,
595 2078 635 2117 ne
662 2079 805 2136 arrogans
833 2068 914 2118 esset
943 2062 982 2118 ob
1010 2079 1044 2116 ea

140 2171 272 2243 laudare,
307 2174 346 2229 ob
381 2191 459 2249 quae
494 2175 606 2248 gratias
640 2190 771 2248 agerem.
830 2171 935 2228 Unum
970 2169 1043 2228 illud

139 2283 258 2354 addam,
283 2287 384 2340 omnia
407 2283 483 2340 mihi
505 2291 592 2340 tanto
614 2281 810 2340 laudabiliora
835 2286 907 2353 visa,
931 2290 1043 2360 quanto

139 2393 324 2464 iucundiora,
340 2401 373 2452 et
391 2401 479 2451 tanto
500 2392 688 2464 iucundiora,
710 2401 825 2470 quanto
848 2392 1043 2450 laudabiliora

141 2513 237 2563 erant.
280 2504 363 2562 Vale.

531 2643 654 2700 XXXII

360 2775 392 2832 C.
416 2775 537 2832 Puruius
558 2774 687 2832 Timauo
708 2773 770 2833 Suo
792 2775 824 2832 S.-

181 2905 264 2975 Quro
286 2907 373 2982 agis?
395 2905 468 2983 quid
490 2914 612 2963 acturus
634 2908 687 2964 es?
731 2906 800 2983 Ipse
823 2911 916 2964 vitam
938 2911 1040 2964 lucun-

140 3021 302 3093 dissimam,
327 3024 357 3081 id
387 3031 443 3093 est,
471 3027 690 3095 otiosissimam,
719 3028 794 3082 vivo.
838 3023 908 3095 Quo
937 3025 981 3096 fit,
1009 3033 1038 3082 ut

151 3133 202 3200 148
