2158 3436
328 189 417 246 THE
444 188 630 248 LETTERS
659 175 714 246 OF
743 187 869 245 PLlNY

146 348 284 424 dignum,
310 367 353 405 ne
387 367 513 423 gravare
548 346 701 404 scribere.¹
746 347 825 403 Nam
860 367 930 403 cum
967 365 1052 402 aures

146 429 303 486 hominum
318 433 454 487 novitate
477 429 641 500 laetantur,
665 436 732 486 tum
751 428 790 485 ad
804 432 957 485 rationem
975 431 1053 484 vitae

147 510 295 586 exemplis
311 510 473 568 erudimur.
517 510 601 568 Vale.

560 687 636 773 xpi

376 849 407 906 C.
431 848 552 906 Primus
568 849 697 905 Maxmo
712 847 773 906 Suo
788 847 817 906 S.

187 982 233 1038 ΕΤ
247 980 390 1057 gaudium
405 980 479 1038 mihi
503 989 536 1038 et
560 981 703 1038 solacium
722 983 753 1037 in
772 980 894 1056 litteris,
913 979 1051 1058 nihilque

146 1097 209 1145 tam
236 1087 362 1157 laetum,
391 1086 472 1163 quod
501 1086 548 1144 his
582 1086 701 1157 laetius,
736 1093 800 1143 tam
834 1089 935 1158 triste,
971 1087 1051 1164 quod

146 1214 207 1253 non
226 1214 281 1272 per
303 1194 357 1251 has
382 1197 421 1251 sit
435 1197 534 1250 minus
559 1197 656 1250 triste.
701 1192 809 1270 ltaque
830 1201 862 1251 et
872 1194 1051 1252 infirmitate

145 1293 254 1372 uxoris,
276 1310 308 1359 et
329 1319 466 1358 meorum
486 1299 629 1376 pericul0,
652 1299 841 1378 quorundam
862 1320 933 1357 vero
959 1305 1051 1359 etiam

144 1415 243 1464 morte
278 1406 418 1464 turbatus
452 1405 492 1462 ad
534 1384 657 1462 unieum
695 1405 806 1463 doloris
843 1407 1050 1465 levamentum

145 1514 245 1573 studia
274 1513 407 1590 confugi,
436 1533 513 1591 quae
545 1521 711 1588 praestant,
740 1521 774 1570 ut
801 1513 927 1570 adversa
954 1519 1068 1591 magis.

144 1621 332 1698 intellegam,
359 1619 412 1678 sed
434 1623 600 1694 patientius
620 1618 725 1677 feram.
769 1619 824 1677 Est
847 1628 951 1677 autem
976 1620 1068 1677 milri*

144 1731 244 1798 moris,
266 1726 347 1804 quod
369 1747 435 1784 sum
456 1725 581 1783 daturus
604 1730 636 1782 in
658 1746 766 1783 manus
787 1725 954 1797 hominum,
978 1736 1048 1785 ante

144 1838 308 1891 amicorum
322 1833 433 1890 iudicio
448 1837 629 1903 examinare,
644 1836 794 1908 inprimis
809 1840 870 1889 tuo.
910 1833 1047 1904 Proinde,
1067 1867 1068 1906 i

145 1945 168 1998 si
205 1939 336 2017 quando,
370 1960 452 1997 nunc
486 1939 614 1998 intende
650 1939 737 2010 libro,
768 1959 860 2016 quem
889 1960 957 1997 eum
993 1939 1068 1997 hac*

144 2046 274 2123 epistula
301 2050 439 2122 accipies,
475 2050 545 2122 quia
573 2066 687 2116 vereor,
723 2065 762 2102 ne
790 2049 854 2122 ipse
890 2054 926 2103 ut
954 2051 1047 2104 tristis

143 2173 250 2230 parum
291 2152 485 2210 intenderim.
552 2153 704 2229 Imperare
746 2156 829 2209 enim
870 2151 976 2222 dolori,
1014 2162 1046 2210 ut

144 2261 316 2329 scriberem,
331 2264 427 2335 potui,
442 2268 477 2316 ut
489 2280 582 2316 vacuo
596 2264 696 2316 animo
710 2260 862 2337 laetoque,
877 2279 938 2317 non
952 2266 1043 2336 potui.
1067 2239 1068 2252 .

145 2365 236 2422 Porro
260 2372 295 2422 ut
323 2385 361 2423 ex
388 2365 496 2424 studiis
525 2366 669 2442 gaudium
697 2371 739 2424 sic
767 2366 867 2424 studia
895 2365 1045 2424 hilaritate

142 2475 332 2548 proveniunt.
376 2471 459 2529 Vale.

567 2596 626 2652 XX

374 2720 406 2777 C.
431 2719 550 2777 Pmnms
573 2719 675 2777 Giano
697 2719 758 2777 Suo
780 2719 809 2777 S.

184 2842 233 2898 An
254 2863 331 2919 quae
347 2843 499 2900 noscenda
521 2847 580 2900 iter
598 2842 727 2918 ingredi,
742 2847 950 2902 transmittere
964 2865 1041 2902 mare

143 2948 281 3018 solemus,
307 2969 343 3006 ea
365 2950 421 3006 sub
443 2949 537 3006 oculis
560 2953 658 3025 posita
680 2948 881 3024 neglegimus
903 2970 957 3008 seu
977 2955 1040 3029 quia

468 3053 475 3083 ¹
495 3053 607 3103 scribere
619 3055 683 3108 add.
697 3071 722 3103 a.

147 3136 200 3194 152
