2136 3444
330 243 419 300 THE
448 241 632 300 LETTERS
660 241 716 300 OF
745 241 872 298 PLINY

147 387 302 461 percepit;
331 383 444 440 deinde
472 383 618 459 paulatim
646 385 757 458 partim
785 381 922 458 spoliata,
946 387 1064 459 partim

147 494 289 570 neglecta
311 513 379 550 cum
400 491 557 569 peristylio
577 492 685 549 domus
706 499 772 550 tota
793 490 924 568 collapsa
948 501 1011 564 est,
1030 515 1064 550 ac

147 609 207 661 iam
221 623 318 681 paene
333 603 410 661 nihil
424 623 461 660 ex
476 623 512 660 ea
529 607 587 661 nisi
608 603 704 660 solum
726 610 885 680 superest3
906 603 993 680 quod
1019 613 1064 675 tul

147 705 283 785 domine,¹
301 719 364 773 sive
392 714 551 772 donaveris
573 718 689 772 civitati
713 717 775 772 sive
799 717 902 772 venire
922 717 1064 787 iusseris¹

147 835 272 903 propter
300 831 561 904 opportunitatem
596 826 654 884 loci
688 846 743 903 pro
777 803 895 884 summo
925 846 1064 887 munere

147 942 283 1014 accipiet.

189 1048 264 1124 Ego,
279 1052 304 1106 si
325 1051 505 1125 permiseris
520 1051 622 1124 cogito
642 1051 675 1104 in
695 1021 765 1105 areu
785 1067 878 1104 vacua
899 1047 1062 1108 balineum

148 1159 305 1230 collocare,
321 1179 391 1217 eum
406 1167 509 1216 autem
524 1158 634 1230 locum,
649 1163 681 1216 in
695 1179 755 1236 quo
768 1159 904 1217 aedificia
918 1159 1063 1233 fuerunt,

149 1271 261 1328 exedra
282 1280 315 1330 et
335 1273 501 1348 porticibus
520 1271 665 1348 amplecti
682 1278 776 1348 atque
795 1272 851 1328 tibi
868 1291 1064 1345 consecrare,

149 1385 233 1438 cuius
250 1381 398 1439 beneficio
417 1382 542 1459 elegans
558 1402 633 1459 opus
649 1384 837 1461 dignumque
856 1387 984 1442 nomine
1007 1393 1062 1443 tuo

148 1492 209 1550 fiet.
258 1492 421 1568 Exemplar
447 1497 636 1566 testamenti,
658 1513 839 1571 quamquam
862 1494 1059 1564 mendosum,

148 1607 217 1662 misi
243 1603 319 1671 tibi;
344 1623 382 1660 ex
410 1623 470 1680 quo
497 1622 662 1682 cognosces
689 1604 786 1662 multa
814 1602 1008 1682 Polyaenum
1031 1611 1059 1662 in

149 1709 285 1768 eiusdem
306 1708 412 1767 domus
433 1717 572 1767 ornatum
594 1711 761 1787 reliquisse,
782 1730 869 1788 quae,
888 1717 922 1767 ut
948 1710 1061 1770 domus

148 1821 223 1893 ipsa,
243 1820 409 1892 perierunt,
430 1837 448 1872 a
474 1837 524 1874 me
552 1825 667 1890 tamen,
688 1821 719 1874 in
740 1824 888 1895 quantum
909 1824 1062 1896 potueritp

149 1927 349 2000 requirentur.

548 2144 649 2202 LXXI

462 2291 617 2348 Taurinos
638 2290 743 2348 Pmnro

192 2444 344 2501 Possumus
380 2442 461 2519 apud
495 2443 658 2501 Prusenses
686 2463 756 2500 area
783 2446 841 2500 ista
867 2462 937 2499 cum
968 2444 1055 2534 donni

151 2563 290 2639 collapsa,
326 2582 416 2639 quam
450 2581 556 2619 vacere
591 2563 705 2634 scribis,
739 2561 777 2619 ad
816 2566 1031 2623 exstructione

150 2682 263 2740 balinei
277 2685 331 2739 uti.
377 2680 458 2738 lllud
471 2689 575 2738 tamen
589 2701 695 2758 parum
713 2684 897 2758 expressisti,
909 2700 952 2738 an
967 2685 1030 2742 aed

150 2807 182 2859 in
197 2801 354 2879 peristylio
369 2801 494 2860 Claudio
515 2800 595 2859 facta
617 2809 705 2859 esset.
750 2801 829 2858 Nam
850 2805 874 2858 si
896 2799 981 2860 fecta
1005 2825 1022 2862 e

150 2920 224 2978 licet
238 2919 369 2996 collapsa
383 2924 432 2990 sit,
447 2920 554 2998 religio
569 2924 633 2981 eius
647 2924 806 3000 occupavit
819 2919 924 2980 solum.

153 3186 213 3248 370
