2158 3436
337 165 427 226 THE
456 165 639 226 LETTERS
668 163 723 224 OF
750 162 876 223 PLlNY

155 335 260 384 tamen
275 326 403 384 honesto
425 326 491 383 loco
513 330 588 397 nati,
602 329 654 403 qui
675 332 819 401 peterent
839 329 1071 408 cuperentque„

156 425 237 502 quod
252 425 317 482 dari
330 425 449 495 libert0‚
465 429 601 501 promitti
616 429 708 481 servis
722 423 874 480 videbant.
1070 413 1071 424 ¹

197 523 296 595 Quam
323 528 415 594 iuvat,
443 524 524 601 quod
552 528 584 579 in
611 531 749 599 tempora
776 520 827 577 illa
861 539 923 576 non
957 520 1071 590 incidi,

156 641 283 699 quorum
298 626 339 680 sie
360 641 419 693 me,
434 630 589 699 tamquam
603 620 662 678 illis
676 623 811 690 vixerim,
833 618 947 694 pudet!
991 618 1071 675 Non

156 721 273 792 dubito,
288 721 427 778 similiter
448 720 536 778 adfici
558 728 600 778 te.
643 717 721 790 Seio,
736 739 826 796 quam
846 721 885 775 sit
901 718 959 774 tibi
977 721 1071 800 vivusg

157 827 190 876 et
217 823 368 896 ingenuus
392 823 530 887 animus3
559 819 688 895 ideoque
711 816 828 874 facilius
862 823 918 886 est,
941 823 978 872 ut
1004 803 1071 886 mel

157 937 338 994 quamquam
360 917 569 994 indignatione
584 915 764 994 quibusdam
785 919 815 971 in
838 914 911 971 locis
933 912 1071 994 fortasse

157 1015 236 1073 ultra
264 1015 411 1092 epistulae
442 1015 566 1072 modum
595 1013 766 1084 extulerim,
794 1033 901 1090 parum
928 995 1071 1082 doluissel

157 1133 247 1190 quam
262 1118 351 1170 nimis
371 1114 483 1171 eredas.
529 1113 611 1170 Vale.

575 1347 634 1403 VII

400 1505 431 1562 C.
449 1506 569 1562 Ptnuus
583 1505 696 1562 Tremo
711 1504 771 1561 Suo
786 1503 816 1562 S.

199 1662 305 1728 Naouu
328 1671 362 1721 ut
390 1667 534 1740 magistro
558 1667 703 1740 magister
725 1681 824 1739 neque
850 1670 886 1718 ut
913 1661 1065 1738 discipulo

158 1760 321 1837 discipulus
338 1763 391 1839 (sic
406 1765 486 1819 enim
502 1762 628 1836 scribis),
639 1759 693 1818 sed
707 1769 742 1818 ut
756 1759 903 1837 discipulo
917 1764 1065 1836 magister

157 1853 241 1934 (nam
265 1863 298 1912 tu
320 1860 474 1932 magister,
499 1875 557 1932 ego
581 1863 706 1923 contra3
741 1862 833 1932 atque
860 1853 939 1910 adeo
967 1862 1003 1911 tu
1032 1859 1071 1922 in

157 1953 290 2010 scholam
325 1973 455 2025 revocas,
490 1973 548 2030 ego
582 1953 681 2037 adhuc
716 1950 886 2010 Saturnalia
914 1953 1062 2026 extendo)

157 2051 266 2109 libmm
300 2055 416 2110 misisti.
480 2052 562 2108 Num
596 2054 682 2126 potui
716 2050 835 2127 longius
870 2049 1062 2126 hyperbaton

157 2149 257 2208 facere
272 2158 364 2227 atque
379 2151 436 2207 hoc
458 2155 522 2226 ipso
537 2150 663 2227 probare
679 2169 749 2206 eum
764 2169 829 2206 esse
850 2169 910 2220 me,
925 2153 979 2226 qui
1002 2170 1061 2206 non

156 2249 246 2306 modo
255 2253 400 2326 magister
412 2257 492 2320 tuuS,
503 2249 557 2306 sed
571 2268 611 2305 ne
625 2247 788 2324 discipulus
798 2246 922 2324 quidem
933 2247 1062 2304 debeam

157 2347 240 2405 dici?
282 2347 404 2405 Sumam
418 2355 522 2404 tamen
536 2366 695 2423 personam
709 2350 845 2422 magistri
864 2365 1063 2422 exseramque

158 2449 190 2500 in
218 2444 327 2501 librum
350 2452 436 2502 tuum
459 2449 514 2516 iuS,
540 2445 620 2521 quod
643 2444 765 2516 dedisti,
789 2464 826 2502 eo
846 2443 981 2515 liberius,
1004 2463 1064 2521 quo

158 2543 234 2600 nihil
257 2562 294 2599 ex
316 2547 392 2601 meis
413 2547 537 2600 interim
560 2547 703 2600 missurus
726 2563 792 2600 sum
813 2545 880 2613 tibi,
894 2545 926 2598 in
948 2549 1063 2620 quote

158 2641 316 2699 ulciscaris.
360 2640 443 2699 Vale.

191 2835 204 2856 ⁰
221 2826 400 2889 Hyperborea,
415 2826 465 2887 (lit.
478 2828 697 2891 “transgression
707 2826 732 2885 '')
746 2843 800 2875 was
810 2825 1062 2892 tlrogrammarians‘
