2114 3440
290 263 379 320 THE
408 261 591 321 LETTERS
618 262 673 320 OF
702 262 828 320 PLINY

109 440 186 498 quae
201 421 357 496 legentem
372 419 564 490 fefellissent,
578 419 814 479 transferentem
829 420 935 496 fugere
950 441 1019 478 non

52 562 61 573 ”
108 569 242 638 possunt.
273 561 492 638 Intellegentia
506 581 543 618 ex
557 561 615 618 hoc
629 569 662 619 et
675 562 820 619 iudicium
834 561 1016 638 adquiritur.

150 702 233 759 Nihil
267 701 395 774 offuerit,
430 722 507 780 quae
541 702 652 779 legeris
686 701 844 774 hactenuS,
878 710 913 760 ut
948 723 1018 760 rem

107 852 382 921 argumentumque
417 851 532 914 teneas,
568 847 652 920 quasi
690 844 843 901 aemulum
881 843 1017 902 scribere

107 983 255 1060 lectisque
270 982 408 1040 conferre
423 1002 458 1039 ac
479 981 585 1040 sedulo
606 987 769 1059 pensitare,
784 982 857 1060 quid
878 990 924 1054 tu,
938 984 1016 1059 quid

107 1123 159 1180 ille
179 1123 372 1181 commodius,
417 1123 530 1198 Magna
551 1122 724 1199 gratulatio,
740 1127 764 1181 si
783 1143 845 1180 non
862 1122 947 1180 nulla
968 1131 1016 1194 tu,

107 1283 235 1340 magnus
249 1263 356 1341 pudor,
371 1267 395 1321 si
411 1270 521 1322 cuncta
534 1263 586 1321 ille
601 1263 717 1322 melius.

150 1411 268 1470 Licebit
290 1411 445 1469 interdum
468 1418 501 1469 et
524 1414 679 1468 notissima
702 1411 815 1487 eligere
837 1419 870 1469 et
895 1420 1013 1470 certare

107 1572 177 1610 cum
192 1552 305 1609 electis
349 1551 458 1608 Audax
472 1549 558 1622 haec,
573 1571 635 1607 non
656 1559 759 1609 tamen
781 1552 927 1627 improba,
942 1556 1013 1629 quia

108 1699 225 1750 secreta
247 1695 424 1760 contentio;
454 1711 635 1769 quamquam
658 1691 769 1749 multos
790 1691 927 1750 videmus
949 1697 1013 1751 eius

107 1833 189 1890 modi
204 1835 370 1890 certamina
382 1833 439 1890 sibi
448 1852 516 1890 cum
530 1831 627 1890 multa
640 1831 729 1889 laude
739 1836 910 1908 sumpsisse,
924 1852 1013 1910 quos-

108 1995 167 2052 que
190 1974 333 2051 subsequi
358 1978 429 2032 satis
457 1973 622 2044 habebant,
646 1973 719 2031 dum
748 1994 809 2031 non
838 1974 1012 2052 desperant,

106 2118 313 2173 antecessisse.

150 2256 277 2327 PoteriS,
287 2264 320 2314 et
328 2275 406 2333 quae
421 2255 543 2327 dixeris
558 2264 627 2332 post
640 2256 822 2314 oblivionem
838 2264 1012 2327 retractare,

108 2397 204 2455 multa
218 2401 361 2468 retinere,
376 2399 462 2475 plura
483 2401 621 2469 transire,
636 2399 695 2455 alia
715 2399 939 2470 interscribere,
955 2399 1012 2455 alia

108 2539 281 2595 rescribere.
326 2538 521 2596 Laboriosum
535 2537 618 2596 istud
639 2545 672 2596 et
692 2538 794 2596 taedio
809 2537 943 2615 plenum,
959 2536 1012 2596 sed

109 2678 286 2736 difficultate
301 2682 366 2754 ipsa
379 2677 577 2749 fructuosum,
592 2679 777 2736 recalescere
791 2699 830 2738 ex
844 2684 966 2756 integro
980 2686 1012 2736 et

109 2837 262 2876 resumere
287 2821 435 2894 impeturn
465 2817 595 2876 fractum
622 2822 836 2896 emissumque,
858 2826 1011 2894 postremo

109 2968 186 3005 nova
214 2949 299 3008 velut
325 2952 461 3009 membra
488 2958 611 3027 peracto
639 2955 755 3026 corpori
785 2955 924 3010 intexere
954 2971 1010 3008 nec

110 3087 214 3139 tamen
228 3085 326 3157 priora
340 3083 470 3140 turbare.

112 3217 148 3255 22
