2162 3438
348 228 437 285 rna
466 226 650 284 narrans
679 225 733 285 or
764 181 891 283 amur

166 389 249 466 quod
278 391 440 465 rogabatur
452 410 460 461 ;
495 391 614 447 sinebat
645 387 727 446 fides.
785 387 879 445 Liber
906 395 1011 444 tamen
1034 361 1067 448 utl

167 505 281 562 factum
310 509 409 580 ipsum
436 513 550 574 manet,
578 505 716 560 manebit
743 502 926 580 legeturque
955 521 1062 578 semper

165 627 253 678 tanto
287 625 393 697 magis,
422 625 492 698 quia
525 639 587 677 non
619 624 730 678 statim.
789 617 964 676 Incitantur
992 621 1062 675 enim

165 735 304 793 homines
318 735 356 793 ad
369 734 572 812 agnoscenda,
587 754 665 811 quae
679 733 868 792 differuntur.
914 733 998 791 Vale.

551 1000 688 1058 XXVIII

386 1142 417 1200 C.
444 1142 562 1198 Primus
586 1143 715 1199 Romano
737 1141 798 1200 Suo
820 1140 850 1199 S.

207 1281 284 1338 Posn
319 1282 443 1358 longum
477 1290 599 1358 tempus
635 1281 779 1359 epistulas
805 1289 885 1352 tuas,
921 1280 976 1339 sed
1010 1289 1067 1338 tres

165 1393 278 1465 pariter
302 1393 414 1466 recepi,
439 1408 544 1446 omnes
569 1388 818 1466 elegantissimas,
842 1392 1067 1455 amantissimas„

165 1503 198 1554 et
212 1495 316 1573 quales
330 1517 347 1552 a
361 1504 394 1554 te
409 1501 523 1565 venire,
537 1501 716 1573 praesertim
731 1494 928 1565 desideratas,
951 1503 1064 1572 oporte-

114 1640 120 1651 ·
165 1602 225 1659 bat.
270 1601 405 1674 Quarum
427 1623 486 1659 una
508 1607 641 1679 IniungIs
662 1602 737 1659 mihi
751 1601 1004 1660 iucundissimum
1019 1605 1065 1658 mi-

164 1712 333 1779 nisterium,
361 1717 396 1766 ut
422 1708 461 1765 ad
486 1708 645 1779 Plotinam,
667 1712 887 1766 sanctissimam
915 1707 1067 1775 feminam,

164 1815 286 1872 litterae
321 1823 392 1872 tuae
431 1814 631 1891 perferantur.
691 1814 894 1874 Perferentur.
953 1816 1067 1873 Eadem

166 1921 360 1979 commendas
375 1921 524 1998 Popilium
537 1922 744 1980 Artemisium.
787 1921 900 1980 Statim
922 1925 1067 1999 praestiti,

165 2027 247 2105 quod
267 2029 402 2104 petebat.
447 2027 566 2084 Indicas
585 2031 678 2086 etiam
696 2027 830 2085 modicas
850 2035 883 2085 te
905 2027 1067 2086 vindemias

166 2132 331 2209 collegisse.
376 2132 549 2191 Communis
571 2133 648 2191 haec
661 2133 735 2190 mihi
749 2142 863 2204 tecum,
888 2154 1067 2211 quamquam

165 2235 195 2287 in
211 2231 412 2289 diversissima
425 2239 511 2308 parte
525 2240 682 2302 terrarum,
697 2231 820 2309 querela
835 2239 890 2290 est.

207 2329 313 2388 Altera
344 2328 474 2406 epistula
501 2334 622 2388 nuntias
649 2330 746 2388 multa
773 2337 806 2388 te
834 2351 916 2388 nunc
944 2330 1067 2400 dictare,

165 2449 246 2485 nunc
267 2430 408 2500 scribere,
424 2430 532 2505 quibus
546 2447 601 2484 nos
615 2429 671 2486 tibi
686 2437 905 2506 repraesentes.
950 2429 1067 2488 Gratias

163 2544 241 2602 ag0;
262 2546 383 2603 agerem
407 2530 512 2603 magis,
528 2530 616 2584 sime
630 2526 682 2582 illa
702 2531 776 2603 ipsa,
791 2547 868 2604 quae
891 2528 997 2584 scribis
1018 2536 1067 2586 aur

164 2623 269 2694 dictaS,
284 2625 387 2701 legere
402 2625 553 2682 voluisses.
598 2623 639 2681 Et
654 2634 719 2683 erat
732 2645 863 2703 aequum
888 2634 923 2684 ut
947 2634 981 2684 te
1003 2647 1067 2684 mea

164 2727 207 2780 ita
240 2743 290 2779 me
324 2730 378 2780 tua
404 2727 515 2799 scripta
543 2743 735 2799 cognoscere,
764 2728 883 2782 etiamsi
911 2722 949 2780 ad
978 2725 1067 2782 alium

165 2840 255 2897 quam
283 2820 321 2877 ad
349 2841 398 2878 me
426 2825 625 2897 pertinerent.
670 2821 823 2880 Polliceris
847 2827 880 2879 in
904 2823 976 2895 fine,
1001 2845 1067 2881 cunr

165 2922 276 2975 certius
290 2918 329 2975 de
344 2923 424 2976 vitae
438 2926 559 2976 nostrae
579 2919 770 2978 ordinatione
791 2921 905 2999 aliquid
928 2922 1067 2992 audieris

392 3083 405 3106 ⁶
421 3075 477 3124 The
489 3075 621 3140 Empress,
635 3076 756 3140 Trajan's
768 3077 837 3129 wife.

167 3187 224 3238 242
267 3237 273 3250 Ι
