2158 3436
327 171 415 228 THE
444 169 627 233 LETTERS
656 167 711 228 OF
740 167 865 224 PLINY

145 339 377 402 monumentum
394 328 538 386 Pallantis
553 333 595 385 ita
609 330 801 402 inscriptum:
817 325 913 380 ‘Huic
929 332 1058 380 senatus

145 440 184 496 ob
220 438 310 496 fidem
345 442 554 514 pietatemque
589 456 661 512 erga
695 443 836 510 patronos
873 441 1058 490 ornamenta

145 549 296 621 praetoria
309 545 446 602 decrevit
461 552 493 601 et
514 547 688 600 sestertium
707 545 823 598 centies
842 544 1057 617 quinquagies

146 656 229 708 cuius
244 651 358 708 honore
373 658 536 708 contentus
550 649 627 706 suit'

187 758 338 834 Equidem
361 777 526 834 numquam
549 775 615 812 sum
637 758 773 825 miratuS,
796 773 873 830 quae
896 756 1019 828 saepius
1041 769 1065 846 ³}

146 864 268 921 fortuna
295 884 385 941 quam
414 884 431 919 a
465 863 576 919 iudicio
610 861 887 938 proficiscerentur;
922 863 1055 916 maxime

147 979 250 1028 tamen
266 971 315 1027 hic
329 991 378 1026 me
393 969 501 1027 titulus
515 969 683 1039 admonuit,
698 988 787 1045 quarn
809 975 912 1026 essent
933 972 1065 1026 mimica.

147 1087 179 1136 et
207 1083 322 1155 inepta,
337 1094 414 1154 quae
441 1072 596 1134 interdum
624 1081 655 1133 in
683 1075 741 1132 hoc
763 1095 901 1146 caenum,
916 1074 971 1131 in1
1003 1073 1055 1130 has

147 1185 249 1241 sordes
279 1185 481 1254 obicerentur,
510 1203 587 1260 quae
627 1183 760 1259 denique
788 1182 839 1239 ille
868 1181 994 1238 furcifer
1023 1189 1055 1237 et

147 1296 282 1367 recipere
318 1311 407 1348 ausus
442 1299 490 1348 est
525 1298 557 1347 et
591 1309 729 1347 recusare
764 1297 856 1366 atque
892 1292 986 1345 etiam
1021 1289 1065 1344 ut*

147 1399 363 1455 moderationis
386 1397 560 1473 exemplum
574 1401 702 1473 posteris
723 1396 859 1473 prodere.
905 1394 966 1454 Sed
981 1395 1065 1471 quid¹

148 1504 311 1579 indignor?
365 1503 475 1560 Ridere
506 1508 609 1573 satiuS,
640 1523 680 1560 ne
707 1523 739 1560 se
767 1523 912 1580 magnum
939 1501 1052 1578 aliquid

147 1610 274 1685 adeptos
302 1617 423 1685 putent,
452 1614 503 1686 qui
532 1609 591 1667 huc
620 1609 768 1667 felicitate
798 1615 988 1696 perveniunt,
1020 1617 1053 1665 ut

148 1716 311 1775 rideantur.
356 1715 438 1772 Vale.

552 1918 641 1975 XXX

351 2050 383 2107 C.
409 2051 530 2107 Pinnos
552 2050 705 2108 Guuiroiu
728 2050 789 2108 Suo
811 2050 840 2110 S.

189 2184 363 2254 Tonsurae,
392 2183 473 2260 quod
500 2183 692 2259 discipulum,
720 2192 755 2241 ut
783 2185 896 2254 scribis,
921 2187 1047 2259 optimae

149 2295 214 2367 spei
233 2295 368 2361 amisisti,
388 2295 472 2348 euius
492 2298 524 2347 et
538 2291 713 2350 valetudine
736 2300 768 2349 et
789 2300 887 2349 morte
908 2292 1048 2368 impedita

148 2399 249 2456 studia
267 2407 320 2456 tua
334 2398 440 2474 quidni
462 2402 564 2470 sciam,
587 2418 655 2456 cum
677 2403 717 2456 sis
738 2403 873 2456 omnium
892 2399 1046 2456 officiorum

148 2505 439 2576 observantissimus
489 2524 619 2582 cumque
661 2525 775 2577 omnes,
818 2525 892 2582 quos
936 2508 1045 2581 probaS,

148 2611 324 2668 effusissime
345 2610 474 2688 diligas!

191 2717 242 2776 Me
257 2716 316 2775 huc
331 2737 451 2795 quoque
465 2720 580 2776 urbana
593 2722 718 2794 negotia
734 2727 939 2795 persecuntur.
981 2719 1043 2776 Non

269 2839 276 2870 ¹
295 2839 322 2887 in
333 2841 396 2890 add.
411 2841 511 2904 Dyrra,
527 2841 633 2904 Bipona
649 2842 754 2901 Midler,
768 2857 815 2891 om.
834 2843 871 2901 M,
889 2842 920 2892 K.
983 2851 985 2854 '

182 2978 195 2999 ⁰
211 2969 358 3022 Freedman
369 2974 422 3023 and
439 2974 572 3024 favourite
584 2975 612 3024 of
629 2975 675 3025 the
687 2975 814 3040 Emperor
827 2975 959 3026 Claudius.
992 2977 1042 3026 The

150 3036 247 3099 special
281 3039 395 3106 insignia
427 3056 499 3090 worn
524 3039 561 3105 by
586 3041 752 3106 triumphing
786 3043 914 3107 generals,
938 3043 1039 3095 consuls.

153 3131 188 3201 78
