2160 3438
345 212 434 270 THE
462 213 646 272 LETTERS
675 213 730 270 OF
756 212 883 271 PLlNY

163 372 247 429 illum
282 378 474 448 quaestorem
509 376 541 428 in
576 371 745 441 consulatu,
779 375 839 427 mei
867 389 992 428 summe
1019 371 1065 427 ob-

163 499 419 553 servantissimum
449 502 599 571 expertus
643 495 772 552 Tantam
797 493 871 551 mibi
901 501 975 570 post
1002 514 1066 550 con·

163 619 296 676 sulatum
316 623 518 677 reverentiam
533 626 677 696 praestat,
692 626 728 677 ut
741 618 880 694 publicae
902 623 1066 676 necessitu-

164 743 243 800 dinis
270 747 397 820 pignora
419 746 543 820 privatis
565 743 702 802 cumulet
723 743 832 799 officiis.
878 742 967 819 Rogo
991 762 1066 818 ergo

163 875 199 925 ut
226 871 293 943 ipse
314 867 395 944 apud
418 875 450 924 te
475 887 529 943 pro
554 866 706 942 dignitate
734 870 798 924 eius
826 867 970 942 precibus
1001 871 1066 924 meis

164 988 274 1060 faveaS,
303 994 350 1046 cui
379 997 422 1060 et,
450 994 474 1047 si
502 990 576 1066 quid
604 989 678 1045 milri
710 989 817 1060 credis,
845 989 1066 1066 indulgentiam

164 1122 249 1170 tuam
264 1115 356 1172 dabis.
402 1115 496 1172 Dabit
517 1118 582 1190 ipse
604 1134 737 1190 operam,
758 1123 793 1173 ut
815 1119 846 1171 in
870 1119 916 1186 iis,
939 1135 1024 1192 quae
1048 1117 1066 1170 ei

165 1237 364 1310 mandaveris
398 1242 510 1296 maiora
545 1248 705 1298 mereatur.
763 1238 932 1296 Parciorem
962 1260 1018 1298 me
1045 1245 1066 1295 in

165 1361 317 1419 laudando
339 1362 422 1432 facit,
443 1362 524 1439 quod
545 1383 634 1440 spero
654 1365 711 1420 tibi
725 1371 758 1421 et
772 1367 988 1440 integritatem
1013 1369 1066 1421 eius

165 1493 198 1543 et
233 1486 416 1562 probitatem
445 1494 477 1543 et
505 1486 684 1545 industriam
712 1507 773 1544 non
802 1487 897 1544 solum
933 1507 973 1544 ex
1013 1493 1066 1546 eius

166 1610 338 1681 honoribus,
354 1631 428 1688 quos
443 1615 474 1669 in
488 1612 563 1670 urbe
578 1613 634 1669 sub
648 1612 742 1669 oculis
756 1617 817 1670 tuis
838 1615 943 1688 gessit,
966 1631 1066 1668 verum

167 1738 260 1790 etiam
283 1753 319 1790 ex
335 1735 512 1792 commilitio
533 1755 599 1792 esse
622 1739 817 1793 notissimam.
862 1734 944 1792 lllud
967 1755 1065 1792 unum.

167 1859 248 1936 quod
277 1867 402 1935 propter
425 1863 582 1916 caritatem
606 1863 670 1916 eius
698 1859 834 1916 nondum
861 1859 937 1915 mihi
969 1861 1062 1916 videor

167 1987 239 2041 satis
261 1983 352 2060 plene
374 1983 492 2054 fecisse,
506 1987 599 2041 etiam
620 1992 713 2062 atque
735 1988 829 2041 etiam
848 1982 945 2051 facio;
968 1991 1061 2060 teque.

166 2109 299 2180 domine,
321 2130 404 2187 rogo,
427 2109 559 2186 gaudere
580 2130 629 2167 me
651 2117 797 2166 exornata
820 2113 991 2186 quaestoris
1013 2107 1062 2164 mei

166 2233 328 2310 dignitate,
350 2233 382 2290 id
404 2241 452 2290 est
471 2253 527 2309 per
547 2233 633 2290 illum
655 2253 732 2303 mea,
755 2253 845 2311 quam
868 2236 1061 2313 maturissime

166 2357 249 2416 velis.

560 2588 679 2645 XXVII

214 2783 284 2828 μ’
346 2749 378 2805 C.
403 2748 523 2806 anus
543 2749 682 2805 Turreno
704 2747 893 2804 Inrnuaronr
1056 2741 1057 2793 l

210 2904 365 2975 Maximus,
398 2904 527 2963 libertus
554 2913 588 2962 et
614 2913 790 2982 procurator
821 2913 903 2975 tuus,
937 2903 1038 2962 domin

168 3035 289 3103 praeter
317 3027 425 3084 decem
453 3028 669 3100 beneficiarios,
696 3049 772 3105 quos
797 3028 949 3103 adsignari
979 3051 996 3085 a

171 3148 229 3220 308
