2114 3440
292 211 381 268 THE
411 210 595 271 LETTERS
624 211 678 270 OF
709 210 836 269 PLINY

111 375 143 428 in
158 379 299 447 praetura
318 390 385 428 sum
403 379 594 441 consecutus,
609 390 678 427 curn
693 369 767 426 mihi
783 370 893 428 Caesar
905 391 1031 430 annum

111 499 284 552 remisisset.
328 494 394 570 Ego
419 498 451 550 in
474 493 558 551 villas
580 498 644 551 eius
666 514 757 570 saepe
781 499 899 566 secessi,
914 495 970 553 ille
996 502 1031 554 in

112 618 202 676 domo
216 638 284 676 mea
299 637 389 693 saepe
404 616 565 676 convaluit.
623 691 627 700 Ι

153 744 215 800 Hic
243 763 325 800 nunc
353 762 407 818 pro
429 741 551 798 consule
572 745 756 818 provinciam
786 742 942 800 Baeticam
967 765 1032 821 per

112 867 252 924 Ticinum
275 873 323 924 est
344 869 503 941 petiturus,
547 864 652 941 Spem,
673 869 766 922 immo
787 866 906 924 confido
931 867 1031 928 facile

114 1007 163 1044 me
186 991 428 1061 impetraturum,
451 992 486 1042 ut
509 1001 546 1041 ex
569 988 679 1042 itinere
704 984 847 1043 deflectat
869 986 908 1043 ad
931 995 978 1058 te,
1007 995 1033 1048 si

112 1109 196 1168 voles
219 1108 353 1166 vindicta
375 1108 513 1178 liberare,
538 1127 612 1184 quos
641 1111 776 1184 proxime
804 1112 886 1166 inter
909 1114 1033 1171 amicos

113 1236 322 1290 manumisisti.
375 1229 459 1289 Nihil
484 1240 541 1303 esi,
564 1231 645 1309 quod
668 1235 807 1304 verearis,
833 1252 873 1291 ne
898 1237 938 1292 sit
964 1235 1031 1296 hoc

112 1356 157 1414 illi
185 1357 357 1427 molestum,
386 1360 435 1414 cui
462 1357 568 1414 orbem
596 1363 743 1413 terrarum
772 1359 930 1416 circumire
959 1380 1031 1418 non

113 1486 172 1539 erit
202 1481 327 1557 longum
359 1500 428 1537 mea
462 1499 576 1564 causa(
614 1478 743 1537 Proinde
775 1483 899 1538 nimiam
931 1486 1030 1542 istam

113 1604 327 1662 verecundiam
353 1623 432 1678 pone
456 1611 561 1680 teque,
582 1603 656 1679 quid
680 1604 764 1676 velis,
794 1606 926 1664 consule.
972 1609 1029 1668 Illi

113 1736 176 1786 tam
204 1727 381 1798 iucundum,
409 1728 490 1805 quod
522 1748 590 1804 ege,
625 1749 716 1806 quam
751 1730 835 1802 mihi,
869 1732 950 1808 quod
990 1744 1027 1792 tu

114 1853 208 1910 iubeS.
254 1851 335 1910 Vale.

520 2095 609 2152 XVII

346 2240 377 2297 C.
403 2242 523 2298 Primus
544 2242 654 2298 Cannar
677 2244 738 2301 Suo
760 2245 788 2302 S.

155 2385 215 2444 Sua
231 2390 339 2461 cuique
358 2390 436 2443 ratio
454 2387 620 2455 recitandi3
641 2388 725 2459 mihi,
747 2390 829 2466 quod
849 2410 938 2467 saepe
960 2395 1023 2452 iam

114 2509 187 2580 dixi,
202 2518 247 2580 ut,
266 2508 378 2586 siquid
396 2529 446 2567 me
466 2509 556 2587 fugit,
575 2521 610 2570 ut
629 2520 713 2570 certe
736 2511 826 2590 fugit,
847 2514 1021 2578 admonear.

148 2673 160 2696 ⁰
177 2665 219 2741 l3y
230 2681 246 2714 a
262 2665 312 2741 law
331 2670 360 2714 at
384 2665 443 2716 first
458 2667 592 2746 proposed
607 2668 643 2744 hy
655 2671 801 2734 Augustus,
816 2671 864 2722 bui
881 2673 966 2723 which
986 2695 1023 2728 on

114 2731 1024 2869 {illidiipilimiliiiijiiiiillidiissiihil?

115 2861 216 2926 things,
231 2861 319 2911 “that
330 2879 382 2928 any
393 2879 489 2927 person
503 2864 588 2928 might
601 2865 680 2914 stand
699 2883 792 2916 sooner
810 2868 875 2918 than
894 2870 1021 2938 ordinary

115 2927 157 2975 ior
168 2943 203 2975 an
214 2927 296 2986 office,
310 2927 331 2976 if
348 2928 380 2977 he
392 2928 445 2977 had
457 2945 486 2978 aa
498 2945 578 2993 many
590 2930 710 2981 children
728 2949 757 2981 as
774 2932 807 2982 hc
819 2935 925 2984 wanted
942 2953 1021 3002 years

117 2997 146 3105 {o
157 2992 189 3092 Ba
202 2992 310 3057 capable
322 2993 349 3042 oi
365 2994 474 3059 bearing
487 2996 549 3044 such
563 2995 723 3064 adigniby.”
742 2998 857 3062 (Melm.)
875 3001 923 3051 See
935 3003 962 3055 ii.
978 3008 1017 3069 13,

120 3153 157 3222 38
