2160 3438
338 213 426 273 THE
456 214 639 273 LETTERS
667 213 723 272 OF
751 214 879 272 PLINY

521 440 689 508 XXXVIII

467 581 622 640 Tauranus
645 582 750 639 Ptnuo

195 715 369 773 Cuuauuuro
393 723 449 786 est,
478 723 513 773 ut
541 735 618 792 aqua
645 720 677 773 in
707 715 971 774 Nicomedensem
1001 721 1063 773 ciu-

154 817 252 867 tatem
266 792 457 886 perducatur.
501 809 581 866 Vere
602 810 693 867 credo
714 818 746 868 te
772 830 818 882 ea,
841 829 902 888 qua
926 811 1063 881 debebis,

155 903 315 978 diligentia
329 903 387 960 hoc
401 923 476 980 opus
490 922 712 979 aggressurum
755 903 817 963 Sed
831 904 958 963 medius
983 903 1063 974 fidiusl

154 996 194 1053 ad
222 996 352 1053 eandem
380 997 571 1072 diligentiam
605 1005 691 1055 tuam
726 1002 862 1074 pertinet
897 965 1063 1076 inquIrerel

158 1110 286 1167 quorum
315 1094 388 1147 vitio
422 1089 461 1147 ad
496 1090 554 1147 hoc
589 1098 711 1168 tempus
747 1099 864 1150 tantam
900 1098 1063 1169 pecuniam,

156 1183 393 1241 Nicomedenses
407 1183 608 1261 perdiderint,
629 1204 679 1255 ue,
700 1204 770 1242 cum
791 1189 872 1242 inter
894 1206 927 1243 se
952 1186 1063 1264 gratilim

157 1286 274 1348 cantur,
290 1285 322 1334 et
343 1277 553 1335 inchoaverint
574 1278 780 1355 aquaeductus
809 1286 842 1336 et
869 1278 1059 1358 reliquerint

157 1373 241 1445 Quid
256 1378 359 1450 itaque
373 1379 565 1450 compereris,
580 1375 683 1451 perfer
696 1380 729 1433 in
743 1381 884 1434 notitiam
899 1397 1015 1436 meam.

539 1609 674 1666 XXXIX

330 1753 362 1810 C.
387 1752 508 1812 Pumus
530 1753 668 1840 Tusrsuo
690 1754 878 1811 Iurnuurom

195 1898 379 1971 Tunssuuu,
407 1898 539 1970 domine,
569 1899 699 1957 Nicaeae
727 1905 857 1957 maxima
884 1904 945 1958 iam
976 1911 1056 1979 parte

156 2000 373 2064 constructum,
408 1992 623 2071 imperfectum
657 2001 772 2065 tamen,
806 1998 992 2065 sestertium,
1028 2005 1056 2053 ut

154 2087 244 2144 audio
259 2087 372 2166 (neque
388 2091 469 2144 enim
484 2092 561 2146 ratio
575 2088 695 2163 operisl
711 2107 835 2146 excussa
849 2088 910 2166 est)
930 2091 1057 2166 amplius

155 2185 271 2240 centies
293 2181 404 2252 hausit,
426 2200 531 2238 vereor
551 2200 591 2238 ne
612 2180 731 2238 frustra.
776 2181 960 2258 Ingentibus
979 2187 1055 2240 enim

153 2279 237 2332 rimis
251 2274 394 2334 desedit²
416 2283 448 2332 et
462 2274 537 2347 hiat,
551 2279 613 2332 sive
627 2279 659 2331 in
674 2295 763 2333 causa
783 2274 879 2332 solum
900 2275 1055 2334 humidum

155 2377 187 2426 et
209 2369 311 2441 molle,
334 2374 396 2428 sive
418 2369 494 2445 lapis
519 2373 584 2446 ipse
609 2370 727 2446 gracilis
749 2377 782 2427 et
795 2374 909 2446 putris;
931 2370 1056 2448 dignum

155 2471 203 2521 est
240 2471 323 2521 certe
358 2463 589 2536 deliberatione,
624 2468 704 2538 sitne
738 2463 912 2522 faciendum
947 2485 986 2522 an
1022 2471 1055 2524 sit

154 2557 388 2633 relinquendum
401 2577 442 2614 an
456 2561 548 2614 etiam
563 2557 792 2615 destruendum.
835 2557 913 2614 Nam
926 2555 1057 2616 fulturae

155 2671 189 2706 ac
204 2653 452 2722 substructiones
467 2653 576 2729 quibus
591 2651 728 2736 subinde⁸
735 2655 905 2728 suscipitur,
919 2671 981 2710 nou
995 2662 1055 2711 tam

155 2745 258 2800 linnae
300 2744 374 2801 mihi
410 2765 500 2822 quam
535 2753 730 2822 sumptuosae
765 2745 916 2803 videntur.
975 2747 1055 2806 Huic

156 2836 277 2894 theatro
292 2857 328 2893 ex
344 2842 529 2913 privatorum
543 2838 812 2914 pollicitationibus
826 2839 923 2897 multa
943 2840 1054 2900 deben-

188 2984 197 3014 ¹
214 2987 301 3050 operis
312 2988 418 3048 Mitller,
432 2989 492 3052 plus
503 3005 527 3038 a.

188 3048 199 3078 ⁹
209 3049 314 3100 desedit
326 3052 426 3115 Hardy
437 3069 469 3102 ea·
480 3053 566 3116 Boot,
580 3053 719 3106 descendit
730 3074 756 3117 a,
770 3057 884 3108 discedit
894 3059 995 3115 Gmtlar.

159 3167 217 3220 324
