2160 3438
321 211 410 267 THE
438 209 622 267 LETTERS
651 209 706 267 OF
733 207 875 266 PLINY'

537 443 644 501 XVIII

451 578 606 634 Tunnuvus
628 577 733 635 Pnuuo

182 711 325 768 Curnnsu
355 713 420 767 sine
449 708 572 787 querela
599 709 768 785 corpusculi
796 713 841 766 tui
867 717 901 768 et
928 718 1055 769 tuorum

140 807 299 882 pervenire
313 809 346 860 in
360 803 535 881 Bithyniam
554 807 712 879 potuisses,
734 823 769 860 ac
789 803 888 861 simile
911 806 975 862 tibi
999 810 1064 894 iter¹

140 900 179 957 ab
193 898 315 976 Epheso
330 902 357 955 ei
372 901 558 974 navigationi
572 896 688 968 fuisset,
697 917 788 975 quam
798 905 946 973 expertus
956 919 1064 977 usque³

141 993 192 1050 illo
208 1012 281 1050 eras.
325 990 394 1062 Quo
413 999 517 1049 autem
531 990 581 1048 die
596 994 785 1066 pervenisses
806 995 837 1048 in
859 975 1064 1070 Bithyniaml

142 1091 278 1162 cognovi,
308 1085 448 1143 Secunde
476 1088 638 1156 carissime,
665 1085 776 1142 litteris
810 1089 878 1143 tuis.
926 1081 1064 1144 Provin?

142 1182 241 1251 ciales,
277 1180 378 1251 credo,
412 1187 607 1256 prospectum
635 1181 691 1237 sibi
722 1201 739 1237 a
774 1199 823 1237 me
850 1180 1050 1258 intellegent.

142 1277 220 1334 Nam
250 1283 282 1332 et
306 1283 339 1331 tu
362 1275 448 1331 dabis
472 1293 606 1350 operam,
634 1281 669 1331 ut
695 1273 891 1332 manifestum
921 1279 965 1333 sit
996 1276 1050 1332 illis

142 1371 275 1428 electum
295 1377 328 1426 te
350 1388 426 1439 esse,
441 1371 492 1445 qui
507 1367 545 1424 ad
560 1367 683 1425 eosdem
704 1371 765 1424 mei
785 1368 851 1424 loco
872 1372 1064 1450 mittereris}

144 1466 288 1522 Rationes
321 1470 425 1520 autem
453 1467 485 1518 in
513 1464 617 1538 primis
644 1463 701 1520 tibi
729 1482 830 1520 rerum
858 1463 1048 1539 publicarum

142 1557 344 1617 excutiendae
372 1564 461 1626 sunt;
489 1576 560 1613 nam
589 1564 621 1613 et
649 1575 715 1614 esse
744 1577 794 1614 eas
822 1565 947 1615 vexatas
978 1563 1049 1616 satis

143 1661 270 1711 constat.
328 1653 485 1709 Mensores
520 1655 569 1707 vix
604 1654 697 1708 etiam
725 1654 760 1709 iis
788 1653 940 1727 operibus,
970 1672 1047 1729 quae

142 1757 196 1806 aut
218 1748 330 1805 Romae
345 1749 444 1804 autin
459 1749 595 1821 proximo
616 1745 703 1816 liunt,
725 1745 908 1804 sufficientes
930 1746 1045 1813 habeo;

143 1842 196 1900 sed
231 1846 263 1898 in
298 1844 380 1898 omni
414 1843 567 1916 provincia
593 1843 800 1911 inveniuntur,
828 1841 938 1917 quibus
965 1839 1043 1897 credi

143 1940 246 2012 possit,
261 1942 295 1992 et
308 1933 378 1991 ideo
393 1954 454 1991 non
468 1933 600 1991 deerunt
613 1935 679 2005 tibi,
694 1934 784 1991 modo
799 1934 873 1991 velis
882 1934 1044 2011 diligenter

144 2037 295 2087 excutere.

558 2173 646 2268 xrx'

322 2347 354 2403 C.
380 2344 657 2402 Pouv1usTnn1n1vo
680 2343 868 2401 Iurunnvonr

185 2481 279 2552 Rooo,
312 2481 445 2550 domine,
480 2479 605 2537 consilio
640 2498 689 2536 me
725 2498 812 2555 regas
840 2479 1041 2537 haesitantem

144 2584 245 2633 utrum
271 2593 326 2650 per
353 2573 489 2650 publicos
517 2577 674 2630 civitatum
703 2591 814 2643 servoS,
842 2572 923 2649 quod
950 2593 1042 2651 usque

143 2669 243 2727 adhuc
271 2668 395 2738 factum,
422 2688 461 2724 an
489 2688 544 2744 per
571 2667 684 2724 milites
712 2666 869 2724 adservare
897 2667 1042 2734 custodias

145 2763 282 2820 debeam.
326 2762 440 2818 Vereor
468 2765 559 2831 enim,
588 2781 626 2817 ne
655 2768 688 2817 et
710 2779 765 2836 per
789 2779 890 2818 servos
911 2761 1040 2837 publicos

145 2875 250 2932 parum
264 2855 395 2912 fideliter
409 2855 627 2926 custodiantur,
641 2863 674 2912 et
687 2874 749 2910 non
764 2859 907 2931 enguum
916 2855 1038 2914 militum

147 2953 190 3021 -I
208 2953 316 3039 Forthe
328 2989 431 3054 playlul
442 3006 489 3039 use
500 2989 528 3039 ol
539 2990 717 3052 covpmculum
728 2990 761 3052 cs.
776 2991 811 3039 vi.
825 2993 848 3040 4.

179 3055 189 3086 ὃ
206 3055 298 3104 Slaves
309 3054 403 3104 owned
416 3054 452 3118 by
463 3071 479 3104 a
490 3059 561 3104 state
572 3071 602 3104 or
614 3055 670 3120 city
680 3071 751 3104 wore
761 3072 778 3104 a
790 3062 847 3105 sort
854 3055 881 3105 ol
893 3055 983 3124 livery,
991 3058 1037 3108 had

156 3165 208 3202 l00
