2114 3440
293 231 381 290 THE
410 232 593 293 LETTERS
621 235 676 293 OF
705 235 831 293 PLINY

543 444 578 512 ‚X

324 601 354 660 C.
382 601 500 658 Primus
523 602 666 659 Macrino
688 603 749 660 Suo
770 603 798 660 S.

151 758 232 830 Qurn
257 763 331 835 ipse,
355 779 424 816 cum
448 764 545 835 prima
567 765 704 836 cognovi,
727 764 854 836 iungere
877 758 1037 822 extr·es-²ri·''

110 871 193 944 quasi
221 866 324 926 avulsa
351 872 450 944 cupio,
470 877 503 926 te
531 889 652 946 quoque
684 873 824 926 existimo
859 868 938 954 vijgp
980 883 1027 928 αι·

110 974 229 1031 Vareno
244 982 277 1032 et
292 974 433 1051 Bithynis
454 975 570 1053 reliqua
591 995 781 1052 cognoscere.
824 957 897 1032 Act
926 997 1002 1035 caus
1018 1009 1044 1048 a¹

109 1080 180 1137 hinc
201 1101 219 1137 a
240 1080 402 1158 Polyaeno,
416 1081 488 1138 inde
508 1103 527 1138 a
549 1082 670 1158 Magno.
715 1081 822 1140 Finitis
843 1084 1021 1141 actionibus
1042 1111 1044 1171 4

109 1185 217 1244 Caesar
242 1187 395 1245 ‘Neutra’
417 1192 526 1265 inquit,
556 1194 642 1265 ‘pars
670 1189 710 1247 de
738 1208 821 1245 mora
848 1177 1005 1266 queretur
1018 1189 1031 1258 ;Ι

108 1295 168 1350 erit
195 1292 270 1349 mihi
298 1312 388 1351 curae
416 1293 573 1370 explorare
600 1298 772 1371 provinciae
802 1270 1027 1354 volurltatemffz

110 1400 242 1458 Multum
256 1405 379 1458 interim
393 1401 530 1458 Varenus
543 1401 623 1459 tulit.
653 1401 777 1460 Etenim
786 1421 876 1478 quarn
884 1401 1022 1460 dubium

108 1514 164 1577 est,
190 1527 228 1562 an
251 1511 360 1564 merito
382 1516 550 1579 accusetur,
565 1514 617 1585 qui
636 1529 676 1565 an
698 1513 821 1566 omnino
842 1511 1018 1580 accusetur,

108 1615 258 1669 incertum
272 1613 336 1670 est!
379 1612 533 1689 Superest,
549 1635 588 1672 ne
610 1635 710 1673 rursus
732 1620 913 1692 provinciae,
929 1618 1019 1696 quod

106 1717 264 1775 damnasse
302 1719 422 1789 dicitur,
457 1719 585 1794 placeat,
620 1730 751 1799 agatque
790 1727 1016 1800 poenitentiam

106 1830 313 1903 paenitentiae
328 1846 407 1884 suae.
451 1827 534 1885 Vale.

535 2062 579 2119 XI

226 2221 257 2278 C.
282 2221 401 2278 Pirruus
423 2222 543 2278 Fanaro
569 2222 742 2280 Pnosocuao
769 2224 831 2282 Suo
853 2183 882 2282 8ss

147 2383 288 2451 Minium,
303 2381 383 2458 quod
400 2382 531 2440 Hermes
551 2383 678 2442 libertus
698 2405 794 2455 meuS,
809 2385 1007 2444 hereditarios

104 2509 200 2565 agros,
226 2507 300 2565 quos
322 2507 381 2564 ego
402 2492 547 2546 iusseram
572 2491 725 2566 proscribi,
747 2511 808 2549 non
831 2499 1005 2570 exspectata

104 2599 244 2653 auctione
259 2614 313 2671 pro
327 2615 395 2652 meo
410 2599 580 2672 quincunce
602 2617 639 2654 ex
661 2601 864 2674 septingentis
885 2598 1004 2656 milibus

105 2702 251 2760 Corelliae
268 2701 426 2759 addixerit.
472 2701 575 2759 Adicis
590 2723 677 2779 posse
691 2724 742 2761 eos
757 2710 921 2781 nongentis
932 2705 1003 2763 mili-

104 2810 160 2867 bus
181 2812 284 2866 venire
306 2828 340 2864 ac
363 2815 451 2866 tanto
472 2812 567 2884 magis
582 2814 710 2886 quaeris,
733 2831 782 2882 an,
800 2812 881 2891 quod
900 2816 1002 2890 gessit,

104 2925 203 2975 ratum
226 2936 351 2974 servem.
397 2915 463 2991 Ego
488 2935 560 2972 vero
582 2936 686 2987 servo;
715 2920 824 2995 quibus
847 2940 883 2977 ex
909 2922 999 2978 causis

462 3097 474 3120 ⁶
491 3089 539 3140 See
552 3090 596 3140 vii.
609 3092 633 3142 6.
