2150 3444
334 260 424 319 THE
454 258 637 318 LETTERS
666 257 721 317 OF
751 255 878 315 PLINY

151 418 200 476 Sic
216 435 444 492 consequemur,
458 422 494 472 ut
508 435 566 472 nec
583 413 748 470 vacueturl
768 411 883 468 flumini
898 414 1017 468 mixtus
1032 419 1060 467 et

151 528 191 581 sit
219 523 346 599 perinde
374 543 408 578 ac
431 526 455 578 si
479 524 649 578 misceatur.
694 519 761 577 Erit
785 523 867 576 enim
891 517 985 575 facile
1011 539 1062 594 per

150 631 233 687 illam
254 631 460 687 brevissimam
481 636 605 699 terram,
619 645 696 704 quae
714 626 917 696 immiscebit,
931 624 1064 683 advecta

151 738 230 796 fossa
244 755 337 794 onera
350 743 549 812 transponere
564 739 595 792 in
610 734 731 792 flumen.

192 843 283 914 Quod
299 847 355 900 'ita
383 842 446 913 fiet,
467 845 492 900 si
513 845 678 900 necessitas
699 848 800 918 coget,
821 848 854 898 et
875 859 978 916 spero,
1002 861 1059 897 non

151 959 250 1027 coget.
294 950 350 1007 Est
373 954 456 1007 enim
481 956 514 1006 et
535 948 618 1006 lacus
642 953 707 1024 ipse
729 951 801 1005 satis
822 947 901 1005 altus
923 954 960 1004 et
980 969 1058 1005 nunc

151 1062 182 1115 in
211 1063 392 1116 contrariam
419 1065 538 1133 partem
566 1056 678 1114 flumen
707 1059 832 1125 emittit,
854 1054 938 1132 quod
968 1061 1060 1116 inter-

151 1165 267 1222 clusum
295 1165 367 1221 inde
396 1172 438 1235 et,
466 1184 526 1241 quo
554 1163 701 1234 volumus,
729 1181 877 1232 aversum,
902 1165 971 1219 sine
1002 1163 1061 1220 ullo

150 1271 337 1329 detrimento
351 1271 433 1328 lacus
447 1278 568 1328 tantum
579 1289 685 1346 aquae,
696 1275 844 1346 quantum
854 1288 936 1325 nunc
949 1278 1062 1345 portat.

150 1377 296 1436 effundet.
342 1377 502 1434 Praeterea
520 1396 575 1452 per
594 1375 624 1433 id
645 1380 787 1452 spatium,
806 1394 861 1450 per
878 1375 962 1451 quod
983 1376 1061 1434 fossa

149 1483 289 1541 facienda
303 1491 359 1554 est,
374 1484 514 1541 incidunt
528 1487 601 1551 rivi;
622 1486 674 1559 qui
689 1485 713 1539 si
727 1480 894 1556 diligenter
912 1481 1058 1558 colligan-

150 1597 210 1660 tur,
228 1589 384 1664 augebunt
405 1588 490 1657 illud,
505 1587 586 1665 quod
608 1588 689 1646 lacus
709 1586 840 1645 dederit.
883 1587 1059 1649 Enimvero.

151 1699 175 1752 si
192 1696 312 1772 placeat
332 1694 443 1753 fossam
463 1696 583 1771 longius
604 1695 716 1752 ducere
736 1702 769 1752 et
789 1693 905 1752 artius²
923 1714 1059 1771 pressam

150 1806 225 1859 mari
252 1822 382 1879 aequare
410 1821 467 1859 nec
494 1806 526 1858 in
553 1801 676 1873 flumen,
704 1802 759 1859 sed
786 1806 819 1858 in
847 1805 947 1877 ipsum
977 1823 1059 1859 mare

55 1973 57 1976 ,
150 1914 303 1980 emittere,
330 1927 522 1984 repercussus
549 1912 640 1965 maris
668 1907 800 1965 servabit
834 1915 867 1966 et
902 1913 1057 1985 reprimet,

150 2015 298 2093 quidquid
313 2036 330 2073 e
346 2015 411 2073 lacu
428 2019 539 2072 veniet.

191 2122 327 2194 Quorum
359 2126 384 2179 si
417 2121 492 2178 nibil
528 2123 615 2179 nobis
648 2121 707 2178 loci
741 2129 850 2179 natura
877 2130 1058 2198 praestaret,

150 2229 328 2304 expeditum
362 2237 466 2286 tamen
501 2236 567 2286 erat
604 2231 762 2286 cataractis
804 2248 901 2305 aquae
938 2249 1057 2287 cursum

150 2342 329 2412 temperare.
374 2335 486 2392 Verum
511 2344 544 2393 et
566 2335 641 2392 haec
664 2343 697 2392 et
720 2335 778 2392 alia
802 2335 1058 2414 multossagacius

150 2447 309 2519 conquiret
324 2442 551 2519 explorabitque
567 2443 700 2512 librator,
710 2462 802 2519 quem
813 2442 914 2518 plane,
926 2443 1058 2514 domine,

150 2547 244 2607 debes
259 2553 393 2620 mittere,
408 2559 442 2607 ut
456 2550 615 2626 polliceris.
659 2549 715 2607 Est
735 2553 817 2606 enim
838 2569 887 2606 res
909 2549 1006 2627 digna
1029 2561 1058 2608 et

132 2645 362 2732 'magnitudine
383 2664 436 2713 tua
458 2664 490 2713 et
517 2675 596 2712 cura.
648 2655 715 2731 Ego
743 2660 867 2713 interim
896 2656 1059 2733 Calpurnio

185 2799 339 2847 ¹vaouetur
362 2797 454 2846 Madv.
478 2798 536 2846 aaa.
560 2798 597 2846 m.
620 2799 676 2855 cro,
698 2813 781 2846 vacuo
799 2785 923 2848 videatur
946 2816 973 2858 a,
996 2799 1054 2856 Aa,

152 2863 239 2912 vicino
252 2863 376 2911 videatur
389 2861 480 2912 Gataa.

183 2927 194 2958 ²
210 2929 296 2977 artius
307 2928 385 2989 adq,
399 2925 590 2988 almasuinta,
605 2927 696 2976 Modo.

183 3054 196 3076 ‘⁸
212 3045 292 3108 Pliny
310 3060 408 3102 means,
429 3043 457 3092 of
474 3059 574 3104 course,
596 3044 658 3093 that
681 3044 727 3094 the
750 3044 860 3096 outflow
880 3047 909 3096 ol
928 3049 973 3098 the
997 3015 1058 3096 lale*

152 3109 267 3172 through
286 3108 328 3156 his
347 3108 423 3156 canal
440 3108 495 3157 will
511 3108 544 3156 ba
561 3109 748 3172 compensatad
765 3110 807 3160 lor
825 3111 861 3176 by
880 3111 1005 3177 bloching
1023 3127 1055 3176 up

153 3204 210 3276 358
