2158 3436
317 201 406 259 THE
435 200 618 260 LETTERS
645 201 700 260 OF
729 200 855 258 PLlNY

134 362 209 415 mias
230 364 370 416 certatim
396 361 635 435 negotiatoribus
660 349 839 417 ementibus.
885 359 1041 416 Invitabat

135 471 277 543 pretium,
293 475 325 524 et
340 467 420 544 quod
435 476 509 525 tunc
524 476 556 525 et
570 467 651 544 quod
666 467 729 524 fore
752 467 918 525 videbatur.
962 466 1041 543 Spes

135 572 255 630 fefellit.
300 574 373 631 Erat
399 573 576 650 expeditum
593 576 732 632 omnibus
753 579 910 632 remittere
932 594 1042 651 aequa-

134 680 214 751 liter,
229 680 283 737 sed
304 700 365 736 non
386 684 458 737 satis
477 700 616 756 aequum.
662 680 738 737 Mihi
756 688 860 738 autem
881 684 1041 756 egregium

135 792 167 843 in
178 791 282 864 primis
293 787 414 845 videtur
428 795 463 844 ut
476 787 548 844 foris
563 791 606 844 ita
620 787 710 858 domi,
725 791 804 845 utin
818 791 935 862 magnis
949 791 993 844 ita
1007 792 1040 842 in

135 899 244 969 parvis,
253 902 287 951 ut
302 899 334 950 in
348 895 454 952 alienis
469 899 512 952 ita
525 899 557 951 in
572 899 632 952 suis
646 899 762 971 agitare
774 899 928 952 iustitiam.
960 894 1041 951 Nam

135 1005 159 1057 si
174 1005 256 1076 paria
270 1009 405 1078 peccata,
418 1021 506 1078 pares
520 1006 613 1059 etiam
626 1002 739 1060 laudea.

176 1109 284 1185 Itaque
318 1110 457 1166 omnibus
492 1109 626 1186 quidem,
657 1129 696 1166 ne
731 1113 798 1187 quis
834 1109 936 1166 ‘Mihi
977 1129 1041 1166 non

134 1214 264 1273 donatus
285 1217 425 1288 abiret,'1
455 1225 574 1294 partem
596 1224 732 1274 octavam
755 1221 856 1293 pretii,
883 1237 944 1294 quo
972 1221 1042 1294 quis

136 1331 262 1393 emerat,
277 1328 429 1392 concessi3
451 1323 564 1380 deinde
585 1323 642 1393 his,
664 1328 715 1400 qui
739 1323 937 1400 amplissimas
962 1344 1042 1380 sum-

136 1449 201 1486 mas
226 1431 431 1506 emptionibus
452 1437 683 1505 occupaverant,
706 1435 867 1505 separatim
891 1430 1040 1486 consului.

136 1535 215 1592 Nam
238 1543 271 1592 et
293 1555 343 1593 me
366 1539 462 1610 magis
484 1540 624 1594 iuverant
649 1543 682 1592 et
703 1541 798 1593 maius
823 1541 879 1612 ipsi
900 1536 1042 1593 fecerant

135 1641 288 1699 damnum.
326 1643 425 1718 Igitur
439 1641 495 1714 his,
507 1648 557 1720 qui
572 1643 666 1719 pluris
681 1664 771 1721 quam
788 1644 895 1700 decem
917 1644 1041 1702 milibus

135 1758 282 1820 emerant,
310 1749 350 1806 ad
377 1749 460 1806 illam
488 1770 679 1808 communem
707 1759 740 1808 et
767 1755 851 1828 quasi
886 1751 1040 1826 publicam

135 1864 271 1914 octavam
286 1856 390 1914 addidi
411 1856 570 1914 decumam
590 1862 655 1915 eius
677 1877 822 1929 summae,
845 1878 905 1935 qua
930 1857 1039 1914 decem

135 1964 218 2020 milia
238 1972 437 2023 excesserant.
481 1964 605 2034 Vereor,
630 1985 669 2021 ne
692 1985 797 2040 parurn
820 1969 1040 2042 expresseram

134 2075 269 2146 apertius
283 2070 413 2128 calculos
427 2070 594 2128 ostendam.
638 2070 670 2128 Si
690 2076 743 2147 qui
764 2071 842 2128 forte
864 2072 1041 2148 quindecim

134 2177 255 2234 milibus
270 2185 418 2248 emerant,
432 2177 463 2233 hi
479 2185 511 2234 et
525 2176 699 2254 quindecim
714 2178 830 2235 milium
847 2187 983 2236 octavam
1006 2188 1041 2237 et

136 2287 270 2359 quinque
285 2282 402 2339 milium
416 2283 575 2339 decumam
589 2283 735 2341 tulerunt.

177 2389 347 2460 Praeterea,
375 2409 444 2446 cuin
478 2398 652 2466 reputarem
687 2391 831 2467 quosdam
867 2411 903 2447 ex
932 2392 1040 2450 debito

135 2495 334 2571 aliquantum,
356 2494 501 2572 quosdam
530 2495 655 2573 aliquid,
676 2497 821 2573 quosdam
849 2497 925 2554 nihil
954 2519 1040 2575 repo-

135 2607 247 2670 suisse;
292 2621 482 2679 nequaquam
525 2622 628 2660 verum
663 2605 838 2674 arbitrabar,
867 2625 941 2682 quos
976 2626 1039 2664 non

135 2717 295 2785 aequasset
309 2708 383 2766 fides
398 2709 566 2781 solutionis,
580 2709 634 2767 hos
649 2712 840 2786 benignitate
855 2716 1039 2772 remissionis

134 2834 271 2891 aequare.
318 2815 428 2871 Rursus
450 2835 522 2891 ergo
543 2820 589 2888 iis,
610 2821 660 2894 qui
683 2817 845 2889 solverant,
867 2823 941 2890 eiuS,
956 2822 1037 2896 quod

469 2937 476 2967 ¹
495 2939 596 2988 Aeneid
607 2957 631 2990 v.
647 2941 703 2990 305.

845 3037 1035 3050 ---.---

301 3071 313 3093 ¹⁸
331 3064 355 3111 A
367 3062 488 3112 doctrine
500 3065 664 3114 maintained
677 3065 711 3128 by
725 3066 771 3115 the
782 3067 876 3117 Stolos.

135 3164 173 3218 94
379 3159 385 3166 ’
