2148 3440
348 271 437 328 THE
464 271 648 329 LETTERS
677 271 731 329 OF
761 270 886 327 PLINY

575 488 650 544 VIII

398 624 428 680 C.
447 624 568 680 Pmurus
586 621 715 679 Ronmo
730 622 792 680 Suo
807 622 836 680 S.

205 757 364 814 Vimsums
377 755 538 834 aliquando
559 754 746 812 Clitumnum
766 754 904 812 fontem?
949 755 981 812 Si
1002 773 1067 810 uon-

165 845 239 902 dum
254 848 299 923 (et
313 854 388 922 puto
402 845 555 914 nondum;
576 844 687 921 alioqui
708 863 857 900 narrasses
878 843 979 919 mihi),
994 844 1065 912 vide,

167 956 258 1011 quem
273 956 331 1013 ego
348 939 498 1013 (paenitet
514 932 678 1013 tarditatis)
692 937 828 1009 proxime
842 933 913 990 vidi.

207 1026 346 1084 Modicus
361 1024 444 1082 collis
455 1025 592 1100 adsurgIt
605 1029 730 1100 antiqua
744 1043 887 1100 cupressu
896 1041 1066 1081 nemorosus

161 1123 200 1171 -et
227 1135 344 1191 opacus
389 1116 482 1172 Hunc
510 1115 615 1172 subter
642 1113 709 1170 fons
738 1118 801 1170 exit
829 1121 861 1171 et
894 1119 1067 1190 exprimitur

168 1205 303 1280 pluribus
330 1209 424 1276 venis,
453 1204 506 1261 sed
531 1205 703 1282 imparibus,
733 1203 956 1281 eluctatusque,
984 1225 1067 1282 quem

167 1294 250 1366 facit,
265 1300 419 1372 gurgitem
433 1294 496 1352 lato
516 1299 631 1370 gremio
645 1299 775 1370 patescit
788 1314 881 1371 purus
896 1302 929 1351 et
950 1299 1067 1353 vitreus.

166 1392 202 1441 ut
216 1404 374 1442 numerare
389 1389 481 1441 iactas
496 1387 590 1460 stipes
605 1392 637 1440 et
651 1383 815 1441 relucentis
829 1382 960 1441 calculos
969 1391 1066 1460 possis

167 1474 244 1530 Inde
259 1494 320 1531 non
335 1474 393 1530 loci
408 1474 593 1545 devexitate,
608 1473 662 1530 sed
683 1477 748 1549 ipsa
763 1478 809 1530 sui
832 1477 919 1549 copia
934 1482 967 1531 et
991 1477 1068 1552 quasi

167 1563 312 1639 pondere,
333 1562 499 1640 impellitur
513 1562 600 1619 fons1
615 1562 714 1620 adhuc
729 1571 761 1620 et
782 1567 841 1620 iam
855 1562 1067 1639 amplissimum

166 1652 279 1710 flumen
307 1660 398 1730 atque
427 1657 520 1710 etiam
548 1656 669 1710 navium
704 1655 832 1728 patiens,
861 1671 936 1728 quas
971 1655 1051 1710 obvi«

169 1762 289 1818 quoque
305 1750 338 1799 et
352 1745 502 1798 contrario
523 1745 590 1798 nisu
611 1745 643 1797 in
664 1741 782 1798 diversa
795 1740 962 1798 tendentes
977 1750 1048 1799 tran

167 1827 264 1881 mittit
286 1831 318 1880 et
342 1823 466 1898 perfert,
481 1823 558 1880 adeo
580 1822 705 1892 validus,
720 1830 755 1880 ut
776 1822 836 1893 illa,
852 1841 911 1899 qua
933 1821 1069 1900 propera

167 1909 241 1980 ipse,
256 1923 437 1982 quamquam
452 1923 507 1980 per
520 1904 616 1961 solum
631 1904 765 1980 planum,
780 1908 869 1960 remis
878 1923 942 1970 non
952 1905 1059 1962 adiuvo

167 1993 226 2056 tur,
242 1986 323 2043 idem
338 1990 505 2061 aegerrime
520 1989 609 2042 remis
623 1989 781 2062 contisque
795 1992 957 2061 superetur
969 1987 1061 2043 adver

168 2086 225 2124 sus.
283 2066 454 2124 Iucundum
488 2075 650 2142 utrumque
685 2086 740 2142 per
774 2071 871 2123 iocum
907 2065 1069 2144 ludumqu

168 2147 364 2219 fluitantibus,
378 2155 414 2205 ut
435 2146 574 2205 flexerint
596 2168 725 2219 cursum,
739 2147 874 2204 laborem
890 2151 962 2219 otio,
978 2154 1062 2206 otiuu

168 2228 269 2286 labore
285 2234 405 2286 varlare.

210 2310 303 2386 Ripae
319 2309 435 2367 fraxino
449 2310 555 2380 multa,
569 2309 665 2367 multa
679 2309 791 2385 populo
805 2313 989 2382 vestiuntur,
1005 2332 1069 2389 qu·

168 2395 342 2467 perspicuus
367 2395 463 2448 amnis
485 2391 569 2448 velut
591 2409 703 2448 mersas
718 2391 805 2448 viridi
825 2394 958 2467 imagine
981 2394 1061 2450 adnu

167 2480 272 2530 merat.
318 2473 411 2547 Rigor
438 2493 534 2548 aquae
558 2476 720 2530 certaverit
748 2473 876 2542 nivibus,
905 2493 964 2529 nec
997 2475 1069 2531 colo

168 2554 259 2611 cedit.
308 2553 439 2611 Adiacet
473 2554 623 2630 templum
658 2559 789 2629 priscum
823 2561 856 2610 et
890 2553 1057 2630 religiosuu

168 2634 237 2692 Stat
258 2635 429 2693 Clitumnus
450 2639 514 2710 ipse
535 2639 663 2692 amictus
691 2643 875 2711 ornatusque
904 2644 1059 2712 praetext

280 2739 291 2772 ²
308 2741 455 2805 impellitur
467 2741 526 2790 Iona
536 2741 572 2790 M
571 2741 645 2800 alter,
659 2741 815 2806 impellitur.
831 2741 901 2790 Fons
913 2743 975 2791 cdd.

201 2863 258 2914 ‘¹‘It
270 2882 324 2915 was
336 2870 487 2930 customary
505 2870 535 2915 to
553 2865 641 2914 throvv
653 2867 725 2915 coins
737 2883 766 2914 as
780 2867 869 2915 voIIve
881 2865 1011 2932 offerings
1023 2871 1069 2917 int

168 2931 245 2979 those
262 2930 408 2990 fountains,
429 2930 511 2990 lakes,
531 2935 593 2990 etc,
614 2931 700 2980 which
720 2947 790 2980 wera
809 2931 957 2981 accounted
974 2933 1066 2983 sacred

168 2994 311 3044 Suetonius
322 2997 454 3045 mentions
466 2997 521 3045 this
536 2997 661 3060 practice,
681 2997 707 3045 in
722 2997 769 3045 the
783 2997 881 3046 annual
898 3012 973 3047 vovvs
991 3001 1060 3048 whic

169 3059 210 3185 {151
214 3061 333 3184 spys)the
346 3061 448 3109 Roman
460 3062 553 3126 people
565 3061 642 3110 made
653 3062 695 3112 for
706 3063 753 3112 the
771 3062 862 3112 health
879 3062 907 3112 of
924 3064 1066 3128 Augustus

212 3141 225 3173 e
238 3141 271 3174 m.

173 3236 228 3287 114
