2160 3438
318 219 407 276 THE
436 218 620 278 LETTERS
649 219 704 277 OF
731 219 856 275 PLINY

135 379 210 437 culis
219 387 344 436 vexatus
354 378 493 455 Pergami
501 379 631 436 substiti.
656 378 777 449 Rursus,
788 398 857 435 cum
866 382 1045 436 transissem

135 490 167 541 in
176 489 285 542 orarias
293 485 454 555 naviculas,
467 488 622 541 contrariis
631 488 731 542 ventis
740 491 878 541 retentus
887 484 1049 562 aliquanto

135 590 260 662 tardius,
280 611 371 668 quarn
392 609 591 667 speraveram,
612 589 644 647 id
665 597 712 648 est
733 609 771 646 xv
793 589 858 647 Kal.
882 589 1050 662 Octobres,

57 763 62 773 ¹
136 696 311 774 Bithyniam
346 700 463 754 intravi.
508 697 579 754 Non
608 715 729 773 possum
757 704 862 754 tamen
891 697 931 754 de
964 718 1051 755 mora

136 807 230 880 queri,
246 823 314 861 cum
328 805 585 879 mihicontigerit,
595 804 676 882 quod
686 811 752 861 erat
761 808 1049 879 auspicatissimum,

135 910 267 967 natalem
304 919 391 967 tuum
425 915 457 968 in
485 915 639 988 provincia
666 910 827 969 celebrare.
880 911 977 969 Nunc
1008 918 1048 970 rei

135 1017 273 1093 publicae
311 1018 502 1076 Prusensium
536 1018 700 1095 impendia,
728 1018 853 1090 reditus,
888 1018 1048 1077 debitores

136 1128 274 1191 excuti03
295 1123 376 1200 quod
411 1143 448 1182 ex
477 1129 542 1200 ipso
576 1133 709 1182 tractatu
745 1129 841 1200 magis
875 1145 911 1181 ac
948 1132 1048 1202 magis

134 1234 336 1287 necessarium
350 1229 505 1306 intellego.
550 1230 667 1288 Multae
682 1234 765 1288 enim
786 1235 933 1307 pecuniae
958 1238 1049 1290 variis

135 1356 173 1394 ex
195 1341 290 1394 causis
311 1357 329 1392 a
349 1340 472 1413 privatis
493 1337 691 1406 detinentur;
713 1345 871 1413 praeterea
892 1339 1048 1414 quaedam

135 1447 260 1500 minime
289 1443 433 1520 legitimis
455 1445 625 1519 sumptibus
646 1451 820 1521 erogantur.
866 1444 957 1501 Haec
979 1448 1048 1515 tibi,

135 1548 268 1620 domine,
282 1553 314 1605 in
328 1553 393 1625 ipso
413 1553 551 1625 ingressu
566 1568 634 1606 meo
648 1553 762 1626 scripsi.

526 1811 615 1872 XVII
629 1834 645 1871 a

317 1973 347 2032 C.
374 1974 494 2030 Ptuvrus
515 1974 653 2031 'sarrano
668 1975 856 2032 lurrmronr

177 2123 412 2194 Quuvronacruo
443 2122 594 2180 Kalendas
622 2123 782 2195 Octobres
810 2125 945 2195 domine,
975 2146 1045 2202 pro-

135 2235 263 2286 vinciam
277 2234 398 2301 intravi,
411 2250 501 2307 quam
516 2234 548 2288 in
569 2251 606 2288 eo
627 2233 782 2309 obsequio,
802 2235 834 2288 in
856 2251 892 2288 ea
913 2251 989 2309 erga
1012 2242 1044 2292 te

136 2335 204 2405 lide,
214 2355 304 2412 quam
315 2335 476 2413 degenere
488 2337 620 2394 humano
631 2341 881 2409 mereris,inveni.
906 2337 1044 2415 Dispice,

135 2441 267 2512 domiue,
276 2463 315 2498 an
330 2447 531 2500 necessarium
547 2452 636 2520 putes
650 2447 774 2502 mittere
789 2445 848 2500 huc
858 2463 1043 2503 mensorem.

137 2548 288 2606 Videntur
302 2553 385 2605 enim
400 2569 461 2606 non
476 2550 643 2608 mediocres
654 2556 802 2626 pecuniae
811 2570 898 2626 posse
908 2559 1045 2610 revocari

135 2675 153 2710 a
167 2656 353 2713 curatoribus
366 2675 502 2732 operum,
516 2660 542 2713 si
563 2677 722 2714 mensurae
744 2656 876 2714 fideliter
896 2667 1042 2734 aguntur.

136 2761 184 2818 lta
198 2770 281 2819 certe
295 2766 443 2838 prospicio
458 2783 495 2820 ex
516 2767 632 2822 ratione
649 2764 850 2835 Prusensium,
865 2785 957 2842 quam
971 2787 1043 2826 cum

135 2871 265 2924 maxime
285 2874 391 2924 tracto,
