2160 3438
323 217 412 274 THE
440 215 623 273 LETTERS
653 215 707 274 OF
737 214 863 272 PLINY

142 379 246 429 autem
279 371 466 429 mittendum
501 375 614 448 putavi,
649 378 684 428 ut
717 369 806 428 simul
842 377 876 426 et
910 377 1047 446 sumptus

141 477 302 549 levaretur,
324 486 357 536 et
377 478 557 554 impleretur
580 476 735 555 publicum
755 475 894 534 officium.
943 476 1047 533 Eidem

142 588 257 644 civitati
272 589 421 661 imputata
434 592 507 642 sunt
520 592 609 642 terna
619 583 711 655 milia,
723 602 801 660 quae
811 586 916 640 viatici
927 587 1049 639 nomine

142 711 242 748 annua
263 690 414 748 dabantur
435 691 538 774 legato
560 694 646 749 eunti
667 691 707 768 ad
731 709 812 760 eum,
834 693 887 766 qui
914 689 1049 747 Moesiae

142 807 272 873 praeest,
287 798 408 874 publice
423 796 625 856 salutandum.
670 798 757 854 Haec
772 816 831 873 ego
845 800 877 853 in
891 805 1047 872 posterum

142 903 385 961 circumcidenda
419 907 596 962 existimavi.
639 903 694 972 Te,
729 902 864 972 domine,
891 922 982 978 rogo,
1011 911 1059 978 uti

142 1009 215 1086 quid
236 1014 358 1081 sentias,
383 1009 577 1068 rescribendo
598 1017 652 1067 aut
674 1008 832 1066 consilium
854 1027 964 1066 meum
989 983 1059 1070 con-f

143 1118 260 1174 firmare
274 1125 328 1175 aut
342 1138 472 1175 errorem
488 1118 651 1176 emendare
665 1117 808 1194 digneris,

544 1312 646 1369 XLIV

452 1453 606 1511 Tauranus
629 1453 733 1510 Pnrruo

183 1593 305 1651 Ocnus
327 1592 436 1665 fecisti,
460 1593 601 1652 Secunde
629 1596 791 1672 carissime,
819 1593 967 1651 duodena
996 1599 1045 1651 ista

144 1700 306 1777 Byzantiis,
328 1720 405 1777 quae
429 1700 468 1757 ad
493 1699 687 1758 salutandum
708 1719 757 1757 me
779 1704 811 1756 in
832 1700 974 1776 legatum
996 1706 1045 1757 ini-

139 1802 368 1883 pendebantur,
395 1805 590 1864 remittendo.
644 1805 804 1883 Fungetur
828 1805 875 1862 his
900 1809 1044 1882 partibus,

143 1916 200 1970 etsi
222 1913 318 1969 solum
341 1932 445 1970 eorum
470 1913 643 1990 psephisma
664 1920 772 1989 perte
793 1917 920 1970 missum
944 1913 1042 1971 fuerit

143 2018 287 2096 Ignoscet
313 2018 372 2078 illis
395 2028 428 2078 et
458 2021 592 2078 Moesiae
619 2039 750 2097 praeses,
779 2024 803 2077 si
831 2024 934 2078 minus
962 2021 1042 2078 iilum

142 2135 318 2203 sumptuose
334 2127 492 2185 coluerint.

547 2323 632 2381 XLV

318 2457 350 2514 C.
375 2448 496 2514 Pennus
517 2457 657 2514 Turreno
679 2457 868 2515 luruuarour

184 2590 372 2660 Diaconum,
400 2589 534 2660 domine,
555 2608 682 2666 quorum
710 2588 775 2645 dies
803 2591 980 2664 praeterita,
1009 2609 1042 2644 an

142 2699 266 2753 omnino
287 2696 437 2752 observari
466 2701 499 2751 et
526 2713 616 2771 quam
644 2694 696 2751 diu
719 2695 804 2764 velis,
826 2713 900 2771 rogo
925 2697 1043 2764 scribas,

175 2869 188 2894 ‘²
204 2861 252 2911 Cal
271 2863 363 2910 urnius
374 2860 473 2912 Macer.
509 2859 557 2910 Sea
569 2877 595 2909 x.
607 2861 640 2910 42
651 2865 721 2910 note.

176 2927 186 2958 ⁶
203 2925 238 2976 Or
258 2941 309 2985 ers,
322 2924 415 2990 signed
426 2925 462 2989 by
474 2924 521 2974 the
533 2925 668 2988 Emperor,
683 2930 712 2974 to
724 2940 769 2974 usa
781 2924 828 2974 the
839 2924 964 2988 imperial
975 2931 1041 2990 post·

143 2992 171 3104 ΞΓ
187 2990 357 3103 etita&
361 2989 812 3119 ,ititttffitttt‘tttt‘tt
829 2989 882 3104 tt
896 2991 1041 3120 ,titt

144 3165 202 3220 334
