2160 3438
334 198 423 256 Tim
452 197 636 287 surmus
665 197 720 256 or
748 197 875 254 amur

566 425 643 482 VIII

329 567 360 624 C.
386 566 505 624 Punuus
524 564 663 622 Tnanuo
686 564 873 622 Iursssrom

194 709 261 766 Cuu
304 708 391 765 divus
431 713 519 782 pater
558 712 639 777 tuus,
681 705 813 776 domine,
848 712 881 762 et
925 709 1063 764 oratione

153 832 355 910 pulcherrima
378 837 410 887 et
435 828 649 887 honestissimo
677 829 817 904 exemplo
844 848 956 888 omnes
986 834 1062 888 cives

153 956 191 1013 ad
213 953 450 1011 munificentiam
479 960 560 1010 esset
581 951 764 1022 cohortatus
786 955 861 1027 petii
882 951 923 1008 ab
954 971 1004 1024 eo,
1034 959 1060 1009 ut

154 1088 268 1138 statuas
282 1081 463 1154 principum,
478 1095 551 1152 quas
565 1078 598 1132 in
612 1075 786 1152 longinquis
801 1078 881 1151 agris
891 1055 951 1151 per
961 1076 1061 1152 plures

154 1205 356 1261 successiones
369 1200 496 1258 traditas
506 1198 590 1269 mihi,
600 1191 704 1275 quales
714 1218 899 1275 acceperam,
908 1199 1062 1256 custodie·

154 1329 232 1397 bam,
255 1329 448 1402 permitteret
472 1326 504 1379 in
526 1326 723 1398 municipium
745 1322 910 1380 transferre
940 1323 1069 1382 adiecta

154 1469 207 1506 sua
234 1455 342 1506 statua.
386 1444 475 1517 Quod
497 1443 578 1501 cuml
606 1443 658 1501 ille
686 1445 760 1501 mihi
788 1464 857 1502 cum
884 1443 1061 1520 plenissimo

154 1576 330 1631 testimonio
344 1570 522 1640 indulserat,
537 1590 594 1647 ego
609 1569 713 1628 statim
733 1570 947 1627 decurionibus
970 1575 1061 1646 scn'p

155 1716 261 1767 seram,
272 1702 308 1752 ut
322 1694 519 1770 adsignarent
533 1694 640 1764 solum,
654 1697 686 1750 in
701 1713 761 1770 quo
769 1692 919 1769 templum
930 1697 1060 1769 pecunia

154 1839 222 1877 mea
244 1825 449 1884 exstruerem3
470 1816 515 1873 illi
535 1820 572 1873 in·
589 1816 735 1874 honorem
750 1819 848 1893 operis
868 1819 963 1892 ipsius
986 1815 1057 1873 elec-

155 1947 271 2000 tionem
281 1942 339 1999 loci
351 1941 425 1997 mihi
436 1941 619 1999 obtulerant.
646 1939 708 1999 Sed
716 1944 848 2017 primum
856 1959 934 2010 mea,
945 1939 1057 1997 deinde

155 2071 248 2144 patris
270 2070 316 2124 tui
341 2066 525 2137 valetudine,
550 2073 656 2142 postea
677 2068 757 2122 curis
779 2063 913 2140 delegati
937 2084 954 2120 a
977 2065 1057 2120 vobis

156 2191 242 2248 officii
257 2197 396 2248 retentus
417 2209 499 2246 nunc
522 2189 626 2246 videor
650 2187 891 2245 commodissime
915 2207 1006 2264 posse
1029 2192 1056 2243 in

155 2334 220 2372 rem
255 2321 446 2391 praesentem
477 2323 647 2370 excurrere.
692 2311 770 2367 Nam
805 2319 838 2368 et
869 2318 1057 2368 menstruum

156 2457 259 2494 meum
275 2436 419 2494 Kalendis
434 2435 622 2513 Septembris
634 2435 745 2505 finitur,
756 2442 789 2492 et
803 2454 933 2512 sequens
947 2439 1057 2494 mensis

157 2559 326 2636 complures
340 2559 405 2617 dies
420 2557 543 2617 feriatos
558 2558 659 2616 habet.

199 2683 282 2759 Rogo
297 2702 369 2759 ergo
389 2689 461 2740 ante
483 2685 583 2738 omnia
604 2685 762 2757 permittas
783 2679 857 2738 mihi
878 2700 964 2757 opus,
980 2681 1056 2759 quod

157 2804 351 2862 incohaturus
372 2824 447 2875 sum,
464 2823 608 2861 exornare
632 2811 664 2861 et
688 2812 742 2861 tua
763 2811 871 2874 statua,
887 2804 1011 2876 deinde,
1026 2813 1054 2862 ui

158 2917 215 2974 hoc
250 2917 349 2974 facere
384 2937 474 2994 quam
508 2921 708 2974 maturissime
742 2922 864 2993 possim,
899 2919 1055 2996 indulgeas

341 3044 350 3074 ¹
367 3045 509 3109 quodcum
522 3047 656 3107 Grcucrua,
669 3047 791 3112 quodque
803 3064 828 3108 a,
843 3047 873 3098 B.

160 3139 217 3194 286
