2158 3436
332 193 421 250 THE
450 192 633 250 LETTERS
662 192 716 249 OF
746 191 872 250 PLINY

152 358 270 411 censuit
297 353 484 428 relegandos.
537 353 582 410 Ex
611 372 670 429 quo
698 350 893 409 manifestum
919 361 968 410 est
996 347 1073 409 non

152 471 238 528 posse
253 455 284 506 in
300 450 407 508 eadem
418 459 505 527 parte
520 469 676 508 remanere
692 470 753 520 eos,
765 454 816 528 qui
830 450 1055 508 interficiendos

151 551 343 607 arbitrantur.
397 548 475 620 ‘Qui
508 549 566 606 alia
594 549 712 606 omnia’
764 547 1000 620 AnimadvertiS,
1024 559 1057 606 ut

152 669 214 706 non
242 656 388 705 contenta
415 647 465 704 lex
493 647 594 704 dicere
623 646 714 703 ‘alia’
744 632 901 705 addiderit¹
918 651 1055 706 ‘omnia’

153 747 234 804 Num
257 766 329 821 ergo
354 745 480 802 dubium
503 753 551 802 est
572 744 630 801 alia
657 749 758 800 omnia
782 748 896 802 sentire
922 765 985 816 eos,
1005 753 1057 824 qui

151 844 303 914 occidunt,
332 863 422 920 quam
451 847 502 920 qui
531 842 693 918 relegant?
744 841 799 898 ‘In
827 841 909 898 illam
937 852 1073 919 partem¹

152 948 205 1013 ite,
226 962 285 1018 qua
313 940 451 998 sentitis!
496 940 606 998 Nonne
625 941 746 998 videtur
766 945 830 1016 ipsa
852 940 984 1013 lexeos,
1005 949 1073 1021 qui}

152 1041 346 1109 dissentiunt,
374 1043 406 1095 in
435 1043 616 1096 contrariam
644 1048 763 1115 partem
791 1059 908 1109 vocare,
936 1060 1056 1117 cogere,

152 1139 330 1215 impellere?
352 1155 413 1194 non
436 1138 541 1194 consul
564 1141 666 1208 etiam,
680 1139 732 1194 ubi
747 1141 873 1215 quisque
888 1159 1058 1211 remanere,

152 1260 211 1317 quo
225 1236 396 1314 transgredi
409 1238 531 1308 debeat,
543 1258 605 1294 non
619 1245 740 1295 tantum
754 1237 938 1295 solemnibus
948 1240 1058 1309 verbis

151 1337 205 1396 sed
219 1357 310 1394 manu
324 1344 475 1413 gestuque
489 1337 700 1394 demonstrat?

193 1436 236 1492 At
250 1439 332 1492 enim
353 1432 490 1492 futurum
512 1443 559 1492 est
581 1443 625 1504 ut,
641 1438 666 1491 si
688 1432 862 1492 dividantur
883 1440 1058 1492 sententiae

151 1533 362 1591 interficientis
399 1540 432 1589 et
470 1533 645 1609 releganda
677 1531 850 1608 praevaleat
881 1531 942 1603 illa,
979 1553 1059 1610 quae

151 1632 286 1689 absolvit.
330 1630 414 1702 Quid
436 1631 517 1688 istud
540 1632 578 1688 ad
601 1633 782 1690 censentes?
804 1651 878 1708 quos
895 1639 980 1689 certe
995 1653 1059 1690 non

151 1731 242 1788 decet
270 1731 408 1789 omnibus
436 1731 562 1800 artibus,
590 1717 673 1786 omni
700 1733 817 1786 ratione
846 1748 993 1806 pugnare,
1018 1751 1057 1788 ne

147 1825 213 1900 liat,
250 1828 330 1906 quod
367 1837 415 1886 est
450 1832 561 1886 mitius
619 1828 752 1905 Oportet
779 1837 883 1886 tamen
913 1848 975 1900 eos,
1005 1835 1057 1907 qui

150 1931 282 2004 puniunt
324 1931 434 2003 capite,
476 1935 508 1984 et
547 1931 598 2004 qui
640 1927 790 2003 relegant,
825 1926 1056 1985 absolventibus

151 2031 291 2102 primum,
319 2046 390 2082 mox
417 2030 499 2084 inter
527 2046 559 2083 se
588 2029 761 2102 comparari.
805 2023 939 2096 Scilicet,
963 2034 998 2084 ut
1025 2032 1057 2084 in

150 2123 329 2200 spectaculis
344 2123 524 2200 quibusdam
538 2144 601 2181 sors
615 2124 747 2200 aliquem
761 2127 882 2200 seponit
895 2143 930 2180 ac
944 2134 1057 2195 servat,

150 2227 285 2299 quicum
300 2226 412 2280 victore
429 2223 606 2293 contendat,
628 2227 670 2280 sic
692 2227 722 2279 in
746 2231 854 2280 senatu
868 2231 940 2280 sunt
954 2223 1056 2300 aliqua

150 2324 255 2396 prima,
264 2327 336 2377 sunt
344 2320 477 2378 secunda
487 2324 662 2391 certamina,
673 2327 705 2377 et
715 2340 753 2377 ex
768 2320 883 2378 duabus
893 2326 1057 2380 sententiis

151 2437 228 2488 eam,
243 2437 320 2494 quae
335 2422 470 2495 superior
484 2423 604 2489 exierit,
617 2422 709 2476 tertia
724 2425 888 2494 exspectat.

192 2515 285 2587 Quid,
306 2517 387 2593 quod
415 2520 512 2594 prima
539 2521 693 2574 sententia
718 2517 912 2592 comprobata
932 2525 1056 2576 ceterae

149 2618 358 2692 perimantur?
401 2615 470 2687 Qua
492 2636 565 2693 ergo
589 2619 706 2672 ratione
734 2622 836 2691 potest
861 2633 927 2672 esse
951 2617 1056 2674 nunc¹

149 2734 227 2772 unus
248 2722 340 2790 atque
359 2713 440 2771 idem
462 2713 544 2771 locus
566 2717 796 2784 sententiarum,
811 2732 938 2789 quarum
952 2714 1056 2774 nullus

150 2818 198 2868 est
225 2816 350 2886 postea?
395 2811 515 2868 Planius
543 2819 688 2886 repetam.
747 2811 812 2867 Nisi
840 2810 964 2868 dicente
986 2832 1054 2870 sen-

150 2912 279 2965 tentiam
294 2929 341 2979 eo,
355 2914 406 2986 qui
421 2908 547 2984 relegat,
561 2907 615 2978 illi,
630 2913 681 2985 qui
695 2913 828 2984 puniunt
841 2913 952 2984 capite,
965 2913 1054 2969 initio

405 3030 414 3062 ¹
431 3047 501 3081 nuno
512 3031 643 3094 Sebaeser,
657 3047 709 3080 non
722 3032 795 3083 codd.

155 3126 209 3202 136
