2150 3444
308 228 397 285 THE
426 227 610 286 LETTERS
640 228 694 284 OF
724 226 850 284 PLINY

512 471 644 529 LXXXI

302 606 334 665 C.
360 606 481 663 Puuuus
502 606 641 662 Taurino
664 603 852 660 lurrusronr

167 740 235 797 Cuu
281 740 390 796 Prusae
433 739 472 796 ad
517 738 693 816 Olympum,
736 738 869 810 domine,
908 741 1041 816 publicis

126 829 258 924 negotiis
272 851 352 903 intra
366 846 531 922 hospitium
546 846 654 903 eodem
669 847 719 904 die
734 849 870 903 exiturus
884 865 1041 918 vacarem,

127 952 324 1030 Asclepiades
345 957 539 1029 magistratus
561 954 706 1012 indicavit
730 953 924 1031 appellatum
949 975 1002 1012 me
1024 977 1040 1010 a

127 1059 252 1117 Claudio
280 1059 437 1136 Eumolpo.
481 1059 557 1117 Cum
586 1061 769 1119 Cocceianus
797 1059 879 1116 Dion
910 1065 947 1117 in
970 1062 1039 1119 bule

125 1167 278 1243 adsignari
299 1171 415 1224 civitati
440 1187 524 1244 opus,
550 1172 634 1226 cuius
660 1187 762 1226 curam
786 1174 904 1244 egerat,
934 1167 1038 1238 vellet,

126 1282 192 1330 tum
228 1274 394 1349 Eumolpus
435 1271 585 1332 adsistens
628 1273 731 1332 Flavio
765 1273 925 1350 Archippo
963 1277 1039 1333 dixit

127 1380 308 1457 exigendam
331 1399 397 1438 esse
420 1401 438 1436 a
460 1379 560 1437 Dione
578 1384 726 1438 rationem
741 1384 840 1456 operis
854 1389 932 1439 ante
947 1402 1037 1460 quam

126 1493 170 1546 rei
204 1489 344 1565 publicae
378 1488 562 1560 traderetur,
590 1488 672 1566 quod
706 1489 796 1546 aliter
829 1488 970 1562 fecisset,
1006 1511 1037 1546 ac

126 1597 289 1655 debuisset.
344 1595 467 1654 Adiecit
501 1601 594 1654 etiam
629 1615 695 1654 esse
730 1601 762 1653 in
797 1596 908 1654 eodem
944 1619 1037 1675 opere

126 1709 255 1781 positam
269 1711 354 1761 tuam
369 1710 500 1760 statuam
520 1711 553 1761 et
574 1723 698 1779 corpora
719 1703 920 1779 sepultorum,
936 1710 1038 1762 uxoris

128 1803 244 1873 DioniS,
272 1810 305 1859 et
333 1800 406 1869 filii;
430 1801 664 1878 postulavitque,
686 1810 722 1860 ut
742 1821 962 1877 cognoscerem
985 1825 1038 1881 pro

126 1900 278 1958 tribunali.

168 1999 259 2071 Quod
273 2019 342 2056 cum
357 2017 415 2073 ego
428 2018 478 2054 me
493 2001 630 2073 protinus
641 1995 793 2055 facturum
806 1997 1036 2076 dilaturumque

127 2096 348 2174 profectionem
362 2095 515 2166 dixissem,
530 2103 565 2152 ut
578 2095 747 2172 longiorem
761 2095 844 2152 diem
863 2095 903 2152 ad
924 2101 1037 2155 instru-

128 2195 238 2253 endam
261 2213 381 2252 causam
402 2194 516 2267 darem,
531 2202 627 2272 utque
646 2198 678 2252 iu
697 2195 755 2251 alia
769 2198 893 2252 civitate
908 2215 1038 2272 cognos-

128 2314 238 2363 cerem,
258 2296 360 2370 periit.-
402 2291 468 2368 Ego
488 2312 538 2348 me
560 2292 735 2350 auditurum
752 2292 866 2350 Niceae
880 2295 1036 2370 respondi.

129 2391 190 2450 Ubi
212 2411 280 2447 curn
302 2388 524 2448 consedissem1
547 2395 733 2467 cogniturus
752 2390 835 2449 idem
856 2389 1038 2470 Eumolpus,

128 2498 282 2565 tamquam
296 2487 396 2545 adhuc
413 2508 519 2563 parum
537 2493 713 2560 instructus
728 2488 907 2547 dilationem
927 2499 1038 2567 petere

128 2587 239 2659 coepit,
268 2590 374 2640 contra
404 2583 494 2654 Dion,
516 2591 551 2641 ut
579 2583 744 2653 audiretur,
766 2588 898 2660 exigere.
943 2585 1039 2646 Dicta

128 2689 200 2738 sunt
227 2684 381 2756 utrimque
408 2679 504 2736 multa
532 2683 625 2736 etiam
652 2678 692 2736 de
719 2699 816 2738 causa.
870 2681 937 2759 Ego
967 2705 1037 2742 cum

129 2779 262 2836 dandam
281 2777 458 2834 dilationem
478 2785 511 2834 et
529 2777 579 2835 te²
593 2778 813 2835 consulendum
829 2783 1036 2841 existimarem

162 2898 171 2928 ¹
190 2898 243 2947 Ubi
264 2914 323 2946 curu
342 2898 515 2948 consedissem
536 2899 624 2961 Orelli,
646 2899 692 2949 ubi
710 2901 885 2952 consedissem
904 2902 971 2964 Au,
992 2906 1037 2956 ubi

130 2978 189 3010 cum
201 2961 324 3010 sedissem
336 2978 361 3010 a.
495 2963 506 2993 ⁹
522 2968 550 3013 te
561 2981 610 3014 om.
625 2981 651 3023 a,
665 2965 715 3014 Au.

163 3085 176 3106 ⁴²
193 3075 252 3134 Dio,
266 3077 406 3126 sornamed
419 3077 602 3147 chrysostom,
614 3082 776 3140 rhetorician
788 3083 841 3132 and
852 3085 1032 3157 philosopher,

133 3159 191 3238 384
