<?xml version="1.0" encoding="UTF-8"?>
<!DOCTYPE html PUBLIC "-//W3C//DTD XHTML 1.0 Transitional//EN"
    "http://www.w3.org/TR/xhtml1/DTD/xhtml1-transitional.dtd">
<html xmlns="http://www.w3.org/1999/xhtml" xml:lang="en" lang="en">
 <head>
  <title>
</title>
<meta http-equiv="Content-Type" content="text/html;charset=utf-8" />
  <meta name='ocr-system' content='tesseract 3.04.00' />
  <meta name='ocr-capabilities' content='ocr_page ocr_carea ocr_par ocr_line ocrx_word'/>
</head>
<body>
  <div class='ocr_page' id='page_1' title='image "./letters01hutcgoog/letters01hutcgoog_0074.png"; bbox 0 0 2114 3440; ppageno 0'>
   <div class='ocr_carea' id='block_1_1' title="bbox 290 144 829 211">
    <p class='ocr_par' dir='ltr' id='par_1_1' title="bbox 290 144 829 211">
     <span class='ocr_line' id='line_1_1' title="bbox 290 144 829 211; baseline -0.02 0"><span class='ocrx_word' id='word_1_1' title='bbox 290 153 378 211; x_wconf 87' lang='lat' dir='ltr'><strong>THE</strong></span> <span class='ocrx_word' id='word_1_2' title='bbox 407 147 590 209; x_wconf 86' lang='lat' dir='ltr'><strong>LETTERS</strong></span> <span class='ocrx_word' id='word_1_3' title='bbox 618 146 673 205; x_wconf 90' lang='lat' dir='ltr'><strong>OF</strong></span> <span class='ocrx_word' id='word_1_4' title='bbox 702 144 829 203; x_wconf 92' lang='lat' dir='ltr'>PLINY</span> 
     </span>
    </p>
   </div>
   <div class='ocr_carea' id='block_1_2' title="bbox 108 300 1043 642">
    <p class='ocr_par' dir='ltr' id='par_1_2' title="bbox 108 300 1043 642">
     <span class='ocr_line' id='line_1_2' title="bbox 108 300 1043 388; baseline -0.021 -12"><span class='ocrx_word' id='word_1_5' title='bbox 108 324 229 376; x_wconf 82' lang='lat' dir='ltr'><strong>tantum</strong></span> <span class='ocrx_word' id='word_1_6' title='bbox 252 315 374 371; x_wconf 82' lang='lat' dir='ltr'><strong>umbrae</strong></span> <span class='ocrx_word' id='word_1_7' title='bbox 396 317 543 388; x_wconf 89' lang='lat' dir='ltr'><strong>quantum</strong></span> <span class='ocrx_word' id='word_1_8' title='bbox 564 307 686 364; x_wconf 88' lang='lat' dir='ltr'><strong>luminis</strong></span> <span class='ocrx_word' id='word_1_9' title='bbox 706 304 807 361; x_wconf 87' lang='lat' dir='ltr'><strong>habet.</strong></span> <span class='ocrx_word' id='word_1_10' title='bbox 851 301 902 360; x_wconf 91' lang='lat' dir='ltr'><strong>Sic</strong></span> <span class='ocrx_word' id='word_1_11' title='bbox 917 300 1043 377; x_wconf 78' lang='lat' dir='ltr'><strong>paula-</strong></span> 
     </span>
     <span class='ocr_line' id='line_1_3' title="bbox 110 427 1038 504; baseline -0.022 -3"><span class='ocrx_word' id='word_1_12' title='bbox 110 447 166 501; x_wconf 87' lang='lat' dir='ltr'><strong>tim</strong></span> <span class='ocrx_word' id='word_1_13' title='bbox 191 440 291 498; x_wconf 89' lang='lat' dir='ltr'><strong>lucem</strong></span> <span class='ocrx_word' id='word_1_14' title='bbox 315 438 394 495; x_wconf 91' lang='lat' dir='ltr'><strong>ferre</strong></span> <span class='ocrx_word' id='word_1_15' title='bbox 418 434 566 492; x_wconf 90' lang='lat' dir='ltr'><strong>condisco.</strong></span> <span class='ocrx_word' id='word_1_16' title='bbox 610 431 769 488; x_wconf 85' lang='lat' dir='ltr'><strong>Balineum</strong></span> <span class='ocrx_word' id='word_1_17' title='bbox 791 427 929 497; x_wconf 82' lang='lat' dir='ltr'>adsumo,</span> <span class='ocrx_word' id='word_1_18' title='bbox 952 430 1038 504; x_wconf 83' lang='lat' dir='ltr'><strong>quia</strong></span> 
     </span>
     <span class='ocr_line' id='line_1_4' title="bbox 112 556 1033 642; baseline -0.02 -19"><span class='ocrx_word' id='word_1_19' title='bbox 112 564 248 642; x_wconf 86' lang='lat' dir='ltr'><strong>prodest,</strong></span> <span class='ocrx_word' id='word_1_20' title='bbox 270 567 383 631; x_wconf 89' lang='lat' dir='ltr'><strong>vinum,</strong></span> <span class='ocrx_word' id='word_1_21' title='bbox 406 563 476 637; x_wconf 88' lang='lat' dir='ltr'><strong>quia</strong></span> <span class='ocrx_word' id='word_1_22' title='bbox 498 577 559 614; x_wconf 91' lang='lat' dir='ltr'><strong>non</strong></span> <span class='ocrx_word' id='word_1_23' title='bbox 584 562 685 625; x_wconf 87' lang='lat' dir='ltr'><strong>nocet,</strong></span> <span class='ocrx_word' id='word_1_24' title='bbox 704 556 877 630; x_wconf 84' lang='lat' dir='ltr'><strong>parcissime</strong></span> <span class='ocrx_word' id='word_1_25' title='bbox 902 557 1033 608; x_wconf 84' lang='lat' dir='ltr'><strong>tamen.</strong></span> 
     </span>
    </p>
   </div>
   <div class='ocr_carea' id='block_1_3' title="bbox 113 680 675 757">
    <p class='ocr_par' dir='ltr' id='par_1_3' title="bbox 113 680 675 757">
     <span class='ocr_line' id='line_1_5' title="bbox 113 680 675 757; baseline -0.018 -11"><span class='ocrx_word' id='word_1_26' title='bbox 113 688 161 746; x_wconf 87' lang='lat' dir='ltr'><strong>lta</strong></span> <span class='ocrx_word' id='word_1_27' title='bbox 175 687 308 757; x_wconf 82' lang='lat' dir='ltr'><strong>adsuevi,</strong></span> <span class='ocrx_word' id='word_1_28' title='bbox 323 693 356 742; x_wconf 88' lang='lat' dir='ltr'><strong>et</strong></span> <span class='ocrx_word' id='word_1_29' title='bbox 370 703 451 740; x_wconf 87' lang='lat' dir='ltr'><strong>nune</strong></span> <span class='ocrx_word' id='word_1_30' title='bbox 466 688 567 739; x_wconf 91' lang='lat' dir='ltr'><strong>custos</strong></span> <span class='ocrx_word' id='word_1_31' title='bbox 580 680 675 737; x_wconf 88' lang='lat' dir='ltr'><strong>adest.</strong></span> 
     </span>
    </p>
   </div>
   <div class='ocr_carea' id='block_1_4' title="bbox 156 803 1030 876">
    <p class='ocr_par' dir='ltr' id='par_1_4' title="bbox 156 803 1030 876">
     <span class='ocr_line' id='line_1_6' title="bbox 156 803 1030 876; baseline -0.016 -8"><span class='ocrx_word' id='word_1_32' title='bbox 156 811 309 869; x_wconf 84' lang='lat' dir='ltr'>Gallinam</span> <span class='ocrx_word' id='word_1_33' title='bbox 329 815 365 866; x_wconf 91' lang='lat' dir='ltr'><strong>ut</strong></span> <span class='ocrx_word' id='word_1_34' title='bbox 388 814 459 863; x_wconf 88' lang='lat' dir='ltr'><strong>ate</strong></span> <span class='ocrx_word' id='word_1_35' title='bbox 487 809 608 862; x_wconf 87' lang='lat' dir='ltr'><strong>missam</strong></span> <span class='ocrx_word' id='word_1_36' title='bbox 631 803 764 860; x_wconf 81' lang='lat' dir='ltr'><strong>libenter</strong></span> <span class='ocrx_word' id='word_1_37' title='bbox 784 803 906 876; x_wconf 84' lang='lat' dir='ltr'><strong>accepi3</strong></span> <span class='ocrx_word' id='word_1_38' title='bbox 928 818 1030 876; x_wconf 89' lang='lat' dir='ltr'><strong>quam</strong></span> 
     </span>
    </p>
   </div>
   <div class='ocr_carea' id='block_1_5' title="bbox 113 926 1026 1008">
    <p class='ocr_par' dir='ltr' id='par_1_5' title="bbox 113 926 1026 1008">
     <span class='ocr_line' id='line_1_7' title="bbox 113 926 1026 1008; baseline -0.016 -14"><span class='ocrx_word' id='word_1_39' title='bbox 113 939 185 994; x_wconf 87' lang='lat' dir='ltr'><strong>satis</strong></span> <span class='ocrx_word' id='word_1_40' title='bbox 199 934 316 991; x_wconf 89' lang='lat' dir='ltr'><strong>acribus</strong></span> <span class='ocrx_word' id='word_1_41' title='bbox 330 931 434 1002; x_wconf 86' lang='lat' dir='ltr'><strong>oculis,</strong></span> <span class='ocrx_word' id='word_1_42' title='bbox 444 948 626 1008; x_wconf 89' lang='lat' dir='ltr'><strong>quamquam</strong></span> <span class='ocrx_word' id='word_1_43' title='bbox 639 927 749 984; x_wconf 86' lang='lat' dir='ltr'><strong>adhue·</strong></span> <span class='ocrx_word' id='word_1_44' title='bbox 759 926 869 1003; x_wconf 89' lang='lat' dir='ltr'>lippus,</span> <span class='ocrx_word' id='word_1_45' title='bbox 883 927 1026 1002; x_wconf 87' lang='lat' dir='ltr'><strong>pinguis·</strong></span> 
     </span>
    </p>
   </div>
   <div class='ocr_carea' id='block_1_6' title="bbox 113 1055 429 1118">
    <p class='ocr_par' dir='ltr' id='par_1_6' title="bbox 113 1055 429 1118">
     <span class='ocr_line' id='line_1_8' title="bbox 113 1055 429 1118; baseline -0.013 -2"><span class='ocrx_word' id='word_1_46' title='bbox 113 1062 219 1118; x_wconf 88' lang='lat' dir='ltr'><strong>simam</strong></span> <span class='ocrx_word' id='word_1_47' title='bbox 233 1056 303 1114; x_wconf 90' lang='lat' dir='ltr'><strong>vidi.</strong></span> <span class='ocrx_word' id='word_1_48' title='bbox 347 1055 429 1112; x_wconf 84' lang='lat' dir='ltr'><strong>Vale.</strong></span> 
     </span>
    </p>
   </div>
   <div class='ocr_carea' id='block_1_7' title="bbox 334 1320 796 1525">
    <p class='ocr_par' dir='ltr' id='par_1_7' title="bbox 334 1320 796 1525">
     <span class='ocr_line' id='line_1_9' title="bbox 519 1320 611 1378; baseline -0.011 0"><span class='ocrx_word' id='word_1_49' title='bbox 519 1320 611 1378; x_wconf 86' lang='lat' dir='ltr'>XXII</span> 
     </span>
     <span class='ocr_line' id='line_1_10' title="bbox 334 1465 796 1525; baseline -0.004 -1"><span class='ocrx_word' id='word_1_50' title='bbox 334 1469 364 1525; x_wconf 89' lang='lat' dir='ltr'><strong>C.</strong></span> <span class='ocrx_word' id='word_1_51' title='bbox 389 1466 511 1524; x_wconf 81' lang='lat' dir='ltr'><strong>Pmmus</strong></span> <span class='ocrx_word' id='word_1_52' title='bbox 533 1466 663 1523; x_wconf 67' lang='lat' dir='ltr'><strong>Fercem</strong></span> <span class='ocrx_word' id='word_1_53' title='bbox 684 1466 746 1525; x_wconf 91' lang='lat' dir='ltr'><strong>Suo</strong></span> <span class='ocrx_word' id='word_1_54' title='bbox 767 1465 796 1524; x_wconf 90' lang='lat' dir='ltr'><strong>S.</strong></span> 
     </span>
    </p>
   </div>
   <div class='ocr_carea' id='block_1_8' title="bbox 117 1615 1023 2890">
    <p class='ocr_par' dir='ltr' id='par_1_8' title="bbox 117 1615 1023 2890">
     <span class='ocr_line' id='line_1_11' title="bbox 159 1615 1023 1689; baseline -0.006 -15"><span class='ocrx_word' id='word_1_55' title='bbox 159 1617 261 1674; x_wconf 75' lang='lat' dir='ltr'><strong>Mirus</strong></span> <span class='ocrx_word' id='word_1_56' title='bbox 275 1615 431 1671; x_wconf 85' lang='lat' dir='ltr'><strong>miraberis</strong></span> <span class='ocrx_word' id='word_1_57' title='bbox 452 1632 502 1670; x_wconf 90' lang='lat' dir='ltr'><strong>me</strong></span> <span class='ocrx_word' id='word_1_58' title='bbox 526 1621 589 1670; x_wconf 87' lang='lat' dir='ltr'><strong>tam</strong></span> <span class='ocrx_word' id='word_1_59' title='bbox 612 1617 763 1671; x_wconf 81' lang='lat' dir='ltr'><strong>instanter</strong></span> <span class='ocrx_word' id='word_1_60' title='bbox 784 1617 908 1689; x_wconf 89' lang='lat' dir='ltr'><strong>petisse,</strong></span> <span class='ocrx_word' id='word_1_61' title='bbox 930 1621 967 1670; x_wconf 87' lang='lat' dir='ltr'><strong>ut</strong></span> <span class='ocrx_word' id='word_1_62' title='bbox 991 1617 1023 1669; x_wconf 92' lang='lat' dir='ltr'><strong>in</strong></span> 
     </span>
     <span class='ocr_line' id='line_1_12' title="bbox 117 1731 1023 1811; baseline -0.003 -18"><span class='ocrx_word' id='word_1_63' title='bbox 117 1740 249 1793; x_wconf 89' lang='lat' dir='ltr'><strong>amicum</strong></span> <span class='ocrx_word' id='word_1_64' title='bbox 263 1752 365 1791; x_wconf 91' lang='lat' dir='ltr'><strong>meum</strong></span> <span class='ocrx_word' id='word_1_65' title='bbox 380 1731 533 1789; x_wconf 87' lang='lat' dir='ltr'><strong>conferres</strong></span> <span class='ocrx_word' id='word_1_66' title='bbox 546 1733 745 1803; x_wconf 88' lang='lat' dir='ltr'><strong>tribunatum,</strong></span> <span class='ocrx_word' id='word_1_67' title='bbox 755 1753 824 1790; x_wconf 87' lang='lat' dir='ltr'><strong>cum</strong></span> <span class='ocrx_word' id='word_1_68' title='bbox 835 1736 946 1804; x_wconf 89' lang='lat' dir='ltr'><strong>scieris,</strong></span> <span class='ocrx_word' id='word_1_69' title='bbox 956 1738 1023 1811; x_wconf 87' lang='lat' dir='ltr'><strong>quis</strong></span> 
     </span>
     <span class='ocr_line' id='line_1_13' title="bbox 117 1851 1022 1931; baseline -0.002 -19"><span class='ocrx_word' id='word_1_70' title='bbox 117 1855 168 1912; x_wconf 92' lang='lat' dir='ltr'><strong>ille</strong></span> <span class='ocrx_word' id='word_1_71' title='bbox 196 1852 361 1931; x_wconf 90' lang='lat' dir='ltr'><strong>qualisque.</strong></span> <span class='ocrx_word' id='word_1_72' title='bbox 406 1851 529 1910; x_wconf 91' lang='lat' dir='ltr'><strong>Possum</strong></span> <span class='ocrx_word' id='word_1_73' title='bbox 553 1859 657 1910; x_wconf 87' lang='lat' dir='ltr'><strong>autem</strong></span> <span class='ocrx_word' id='word_1_74' title='bbox 684 1857 743 1909; x_wconf 88' lang='lat' dir='ltr'><strong>iam</strong></span> <span class='ocrx_word' id='word_1_75' title='bbox 770 1855 827 1910; x_wconf 92' lang='lat' dir='ltr'><strong>tibi</strong></span> <span class='ocrx_word' id='word_1_76' title='bbox 855 1861 888 1910; x_wconf 91' lang='lat' dir='ltr'><strong>et</strong></span> <span class='ocrx_word' id='word_1_77' title='bbox 910 1873 1022 1911; x_wconf 90' lang='lat' dir='ltr'><strong>nornen</strong></span> 
     </span>
     <span class='ocr_line' id='line_1_14' title="bbox 118 1976 1019 2054; baseline -0.001 -19"><span class='ocrx_word' id='word_1_78' title='bbox 118 1978 252 2036; x_wconf 88' lang='lat' dir='ltr'><strong>indicare</strong></span> <span class='ocrx_word' id='word_1_79' title='bbox 280 1984 313 2034; x_wconf 91' lang='lat' dir='ltr'><strong>et</strong></span> <span class='ocrx_word' id='word_1_80' title='bbox 341 1976 511 2034; x_wconf 88' lang='lat' dir='ltr'><strong>describere</strong></span> <span class='ocrx_word' id='word_1_81' title='bbox 539 1981 648 2052; x_wconf 90' lang='lat' dir='ltr'><strong>ipsum,</strong></span> <span class='ocrx_word' id='word_1_82' title='bbox 676 1984 836 2054; x_wconf 83' lang='lat' dir='ltr'><strong>postquam</strong></span> <span class='ocrx_word' id='word_1_83' title='bbox 862 1976 1019 2053; x_wconf 91' lang='lat' dir='ltr'><strong>polliceris.</strong></span> 
     </span>
     <span class='ocr_line' id='line_1_15' title="bbox 120 2095 1019 2176; baseline -0.001 -22"><span class='ocrx_word' id='word_1_84' title='bbox 120 2096 176 2154; x_wconf 82' lang='lat' dir='ltr'><strong>Est</strong></span> <span class='ocrx_word' id='word_1_85' title='bbox 191 2095 348 2153; x_wconf 88' lang='lat' dir='ltr'><strong>Cornelius</strong></span> <span class='ocrx_word' id='word_1_86' title='bbox 364 2096 553 2166; x_wconf 76' lang='lat' dir='ltr'><strong>Minicianu3‚</strong></span> <span class='ocrx_word' id='word_1_87' title='bbox 568 2103 781 2176; x_wconf 83' lang='lat' dir='ltr'><strong>ornamentum</strong></span> <span class='ocrx_word' id='word_1_88' title='bbox 795 2100 926 2172; x_wconf 86' lang='lat' dir='ltr'><strong>regionis</strong></span> <span class='ocrx_word' id='word_1_89' title='bbox 936 2117 1019 2154; x_wconf 88' lang='lat' dir='ltr'><strong>meae</strong></span> 
     </span>
     <span class='ocr_line' id='line_1_16' title="bbox 119 2214 1019 2292; baseline 0 -19"><span class='ocrx_word' id='word_1_90' title='bbox 119 2235 173 2274; x_wconf 92' lang='lat' dir='ltr'><strong>seu</strong></span> <span class='ocrx_word' id='word_1_91' title='bbox 187 2215 340 2292; x_wconf 88' lang='lat' dir='ltr'><strong>dignitate</strong></span> <span class='ocrx_word' id='word_1_92' title='bbox 354 2234 407 2272; x_wconf 90' lang='lat' dir='ltr'><strong>seu</strong></span> <span class='ocrx_word' id='word_1_93' title='bbox 421 2215 561 2272; x_wconf 89' lang='lat' dir='ltr'><strong>moribus.</strong></span> <span class='ocrx_word' id='word_1_94' title='bbox 606 2215 703 2272; x_wconf 90' lang='lat' dir='ltr'><strong>Natus</strong></span> <span class='ocrx_word' id='word_1_95' title='bbox 718 2214 877 2291; x_wconf 88' lang='lat' dir='ltr'><strong>splendide</strong></span> <span class='ocrx_word' id='word_1_96' title='bbox 888 2215 1019 2273; x_wconf 90' lang='lat' dir='ltr'><strong>abundat</strong></span> 
     </span>
     <span class='ocr_line' id='line_1_17' title="bbox 118 2332 1017 2411; baseline -0.003 -18"><span class='ocrx_word' id='word_1_97' title='bbox 118 2334 325 2406; x_wconf 86' lang='lat' dir='ltr'><strong>facultatibus,</strong></span> <span class='ocrx_word' id='word_1_98' title='bbox 337 2340 419 2391; x_wconf 88' lang='lat' dir='ltr'><strong>amat</strong></span> <span class='ocrx_word' id='word_1_99' title='bbox 438 2332 546 2404; x_wconf 86' lang='lat' dir='ltr'><strong>studia,</strong></span> <span class='ocrx_word' id='word_1_100' title='bbox 568 2342 604 2392; x_wconf 89' lang='lat' dir='ltr'><strong>ut</strong></span> <span class='ocrx_word' id='word_1_101' title='bbox 617 2334 718 2392; x_wconf 87' lang='lat' dir='ltr'><strong>solent</strong></span> <span class='ocrx_word' id='word_1_102' title='bbox 738 2353 892 2411; x_wconf 85' lang='lat' dir='ltr'><strong>pauperes</strong></span> <span class='ocrx_word' id='word_1_103' title='bbox 935 2333 1017 2391; x_wconf 89' lang='lat' dir='ltr'><strong>Idem</strong></span> 
     </span>
     <span class='ocr_line' id='line_1_18' title="bbox 119 2452 1017 2525; baseline 0.001 -13"><span class='ocrx_word' id='word_1_104' title='bbox 119 2458 303 2513; x_wconf 87' lang='lat' dir='ltr'><strong>rectissimus</strong></span> <span class='ocrx_word' id='word_1_105' title='bbox 326 2453 426 2525; x_wconf 84' lang='lat' dir='ltr'><strong>iudex,</strong></span> <span class='ocrx_word' id='word_1_106' title='bbox 441 2452 619 2511; x_wconf 88' lang='lat' dir='ltr'><strong>fortissimus</strong></span> <span class='ocrx_word' id='word_1_107' title='bbox 641 2454 813 2524; x_wconf 70' lang='lat' dir='ltr'><strong>advocatus</strong></span> <span class='ocrx_word' id='word_1_108' title='bbox 836 2453 1017 2512; x_wconf 83' lang='lat' dir='ltr'><strong>fidelissimus</strong></span> 
     </span>
     <span class='ocr_line' id='line_1_19' title="bbox 120 2573 1017 2652; baseline -0.001 -19"><span class='ocrx_word' id='word_1_109' title='bbox 120 2579 241 2634; x_wconf 89' lang='lat' dir='ltr'><strong>amicus.</strong></span> <span class='ocrx_word' id='word_1_110' title='bbox 294 2577 456 2651; x_wconf 85' lang='lat' dir='ltr'><strong>Accepisse</strong></span> <span class='ocrx_word' id='word_1_111' title='bbox 483 2582 515 2632; x_wconf 91' lang='lat' dir='ltr'><strong>te</strong></span> <span class='ocrx_word' id='word_1_112' title='bbox 537 2573 718 2632; x_wconf 88' lang='lat' dir='ltr'><strong>beneficium</strong></span> <span class='ocrx_word' id='word_1_113' title='bbox 740 2573 854 2645; x_wconf 85' lang='lat' dir='ltr'><strong>credes,</strong></span> <span class='ocrx_word' id='word_1_114' title='bbox 877 2593 1017 2652; x_wconf 81' lang='lat' dir='ltr'><strong>cumpro</strong></span> 
     </span>
     <span class='ocr_line' id='line_1_20' title="bbox 119 2692 1015 2782; baseline 0.003 -32"><span class='ocrx_word' id='word_1_115' title='bbox 119 2698 186 2772; x_wconf 91' lang='lat' dir='ltr'><strong>pius</strong></span> <span class='ocrx_word' id='word_1_116' title='bbox 200 2697 366 2771; x_wconf 85' lang='lat' dir='ltr'><strong>inspexeris</strong></span> <span class='ocrx_word' id='word_1_117' title='bbox 380 2694 533 2751; x_wconf 88' lang='lat' dir='ltr'><strong>hominem</strong></span> <span class='ocrx_word' id='word_1_118' title='bbox 548 2692 873 2782; x_wconf 37' lang='lat' dir='ltr'><strong>omnibus&#39;honoribus,</strong></span> <span class='ocrx_word' id='word_1_119' title='bbox 887 2695 1015 2753; x_wconf 90' lang='lat' dir='ltr'><strong>omnibus</strong></span> 
     </span>
     <span class='ocr_line' id='line_1_21' title="bbox 119 2812 1012 2890; baseline 0.001 -20"><span class='ocrx_word' id='word_1_120' title='bbox 119 2813 218 2870; x_wconf 90' lang='lat' dir='ltr'><strong>titulis</strong></span> <span class='ocrx_word' id='word_1_121' title='bbox 234 2812 321 2889; x_wconf 90' lang='lat' dir='ltr'><strong>(nihil</strong></span> <span class='ocrx_word' id='word_1_122' title='bbox 335 2813 402 2870; x_wconf 92' lang='lat' dir='ltr'><strong>volo</strong></span> <span class='ocrx_word' id='word_1_123' title='bbox 416 2813 524 2870; x_wconf 86' lang='lat' dir='ltr'><strong>elatius</strong></span> <span class='ocrx_word' id='word_1_124' title='bbox 538 2812 577 2870; x_wconf 92' lang='lat' dir='ltr'><strong>de</strong></span> <span class='ocrx_word' id='word_1_125' title='bbox 598 2813 820 2870; x_wconf 89' lang='lat' dir='ltr'><strong>modestissimo</strong></span> <span class='ocrx_word' id='word_1_126' title='bbox 833 2816 896 2870; x_wconf 90' lang='lat' dir='ltr'><strong>viro</strong></span> <span class='ocrx_word' id='word_1_127' title='bbox 909 2812 1012 2890; x_wconf 89' lang='lat' dir='ltr'><strong>dicere)</strong></span> 
     </span>
    </p>
   </div>
   <div class='ocr_carea' id='block_1_9' title="bbox 120 2933 358 3010">
    <p class='ocr_par' dir='ltr' id='par_1_9' title="bbox 120 2933 358 3010">
     <span class='ocr_line' id='line_1_22' title="bbox 120 2933 358 3010; baseline 0 -21"><span class='ocrx_word' id='word_1_128' title='bbox 120 2953 232 3010; x_wconf 89' lang='lat' dir='ltr'><strong>parem.</strong></span> <span class='ocrx_word' id='word_1_129' title='bbox 276 2933 358 2990; x_wconf 88' lang='lat' dir='ltr'><strong>Vale.</strong></span> 
     </span>
    </p>
   </div>
   <div class='ocr_carea' id='block_1_10' title="bbox 123 3095 161 3166">
    <p class='ocr_par' dir='ltr' id='par_1_10' title="bbox 123 3095 161 3166">
     <span class='ocr_line' id='line_1_23' title="bbox 123 3095 161 3166; baseline 0 -18"><span class='ocrx_word' id='word_1_130' title='bbox 123 3095 161 3166; x_wconf 86' lang='lat'><strong>56</strong></span> 
     </span>
    </p>
   </div>
   <div class='ocr_carea' id='block_1_11' title="bbox 0 0 1069 3440">
    <p class='ocr_par' dir='ltr' id='par_1_11' title="bbox 0 0 1069 3440">
     <span class='ocr_line' id='line_1_24' title="bbox 0 0 1069 3440; baseline 0 0"><span class='ocrx_word' id='word_1_131' title='bbox 0 0 1069 3440; x_wconf 95' lang='lat' dir='ltr'><strong> </strong></span> 
     </span>
    </p>
   </div>
  </div>
 </body>
</html>
