2114 3440
297 181 385 239 THE
415 181 599 240 LETTERS
628 180 681 238 OF
712 179 839 238 PLINY

113 347 146 396 te
171 357 291 417 quoque
314 338 394 396 salvo
419 343 467 396 sit.
512 339 652 395 Honesta
674 337 864 428 consultatio,
887 357 950 394 non
977 321 1052 396 exi

114 463 219 539 pedito
247 467 409 520 sententia.
461 463 611 519 Numeres
639 461 824 538 reipublicae
852 468 1052 520 summam?

114 587 289 644 Verendum
310 595 366 656 est,
381 604 421 642 ne
442 585 601 642 dilabatur.
644 584 707 641 Des
721 587 829 660 agros?
850 592 886 642 ut
899 586 1052 680 publicijl

97 710 327 786 neglegentur.
386 708 536 785 Equidem
571 708 646 765 nihil
675 708 860 765 commodius
890 699 1052 786 iuveniop

114 853 204 909 quam
227 833 308 908 quod
331 837 395 908 ipse
419 833 485 888 feci.
530 833 608 889 Nam
627 852 682 908 pro
703 836 879 909 quingentis
899 833 1021 892 milibu
1051 833 1052 868 l

114 977 282 1026 nummum,
311 977 388 1032 quae
416 960 447 1013 iu
475 955 621 1014 alimenta
649 961 850 1032 ingenuorum
878 960 1044 1032 ingenua-

114 1099 242 1157 rumque
270 1083 475 1155 promiseram,
503 1099 608 1156 agrum
639 1100 676 1136 ex
705 1084 781 1137 meis
808 1079 899 1155 longe
930 1080 1036 1156 pluri.

114 1209 209 1259 actori
223 1205 345 1280 publico
366 1209 554 1282 mancipavi3
576 1205 708 1262 eundem
724 1203 866 1280 vectigali
880 1208 1034 1280 imposits
1049 1183 1052 1270 l

114 1333 216 1404 recepi
241 1334 358 1387 tricena
378 1330 461 1387 milia
482 1336 582 1385 annua
603 1328 736 1386 daturus.
782 1328 840 1386 Per
860 1328 918 1384 hoc
942 1321 1052 1387 enim*

115 1459 148 1508 et
169 1451 353 1528 reipublicae
375 1471 437 1509 sors
459 1456 491 1508 in
513 1459 581 1509 tuto
606 1471 663 1509 nec
686 1452 802 1510 reditus
824 1456 973 1521 incertus,
1000 1462 1039 1512 et

115 1586 188 1644 ager
202 1571 266 1642 ipse
287 1574 412 1644 propter
430 1566 471 1637 id,
486 1567 567 1644 quod
582 1567 714 1643 vectigal
728 1567 812 1644 large
827 1573 1036 1643 supercurrit,

116 1701 236 1758 semper
251 1683 418 1754 dominum,
431 1703 448 1738 a
463 1703 523 1760 quo
538 1701 726 1754 exercemur,
740 1687 886 1740 inveniet.

157 1798 222 1855 Nec
250 1803 356 1874 ignoro
383 1817 433 1854 me
467 1799 535 1874 plus
566 1798 732 1875 aliqualito‚
768 1819 858 1876 quam
893 1799 1031 1860 donasse

116 1913 229 1984 videor,
260 1918 438 1990 erogavisse‚
470 1933 538 1970 cum
567 1913 762 1989 pulcherrimi
794 1919 858 1990 agri
889 1920 1030 1990 pretium

115 2033 280 2087 necessitas
294 2029 450 2107 vectigalis
465 2028 634 2105 infregerit.
677 2029 739 2087 Sed
757 2037 880 2106 oportet
899 2035 1030 2104 privatis

115 2144 298 2202 utilitatibus
326 2145 471 2220 publicas,
498 2143 677 2202 mortalibus
704 2152 844 2202 aeternas
868 2144 1028 2205 anteferre

115 2260 273 2337 multoque
301 2260 479 2336 diligentius
513 2249 632 2318 muneri
664 2281 718 2318 suo
746 2261 903 2318 consulere
932 2281 1027 2338 quam

115 2372 319 2430 facultatibus.
363 2372 445 2429 Vale.

532 2589 607 2646 XIX

345 2747 376 2805 C.
402 2747 522 2806 Ptrruus
545 2746 650 2804 Prusco
672 2701 733 2804 Suo
755 2746 784 2805 S.

156 2903 259 2960 Auum
271 2924 321 2962 me
337 2905 469 2960 Fanniae
483 2903 633 2960 valetudo.
676 2873 845 2960 Contraxit
847 2902 935 2973 hanc,
949 2902 1022 2963 dum

116 3019 236 3078 adsidet
261 3020 366 3078 Iuniae
394 3023 512 3095 virgini,
546 3027 654 3094 sponte
682 3023 811 3094 primum
846 3021 906 3096 (est
939 3024 1020 3080 enim

118 3127 157 3199 46
