2158 3436
335 205 422 263 rau
451 205 634 265 narrans
663 207 717 264 or
747 205 872 263 rurus

152 363 266 421 foribus
294 372 326 421 et
354 363 469 420 consilii
504 364 617 441 publici
644 371 830 440 spectatores
857 371 932 420 ante
970 384 1059 441 quam

153 462 307 512 consortes
322 462 416 512 erant.
460 454 538 512 Suus
563 459 671 532 cuique
694 473 803 530 parens
825 474 879 531 pro
901 459 1069 536 magistro}

153 553 207 602 aut
224 547 272 601 cui
295 563 404 620 parens
418 564 481 600 non
502 552 577 614 erat,
591 548 739 602 maximus
759 548 886 620 quisque
908 552 942 602 et
956 553 1059 602 vetus-

153 638 284 692 tissimus
306 654 361 710 pro
383 641 519 710 parente.
573 634 660 705 Quae
682 641 816 710 potestas
844 632 1060 704 referentibus,

152 724 234 801 quod
262 726 456 782 censentibus
478 729 533 796 iuS,
555 744 632 801 quae
655 729 698 780 vis
722 725 959 800 magistratibus,
983 745 1060 801 quae

153 818 262 872 ceteris
276 814 410 886 libertas
425 816 477 871 ubi
491 814 672 884 cedendum,
683 815 733 871 ubi
747 815 963 885 resistendum,
978 814 1059 892 quod

153 903 262 960 silendi
283 912 413 980 tempus,
435 907 502 981 quis
524 903 646 983 dicendi
668 903 784 974 moduS,
799 924 876 981 quae
901 904 1059 962 distinctio

153 998 354 1071 pugnantium
376 998 606 1063 sententiarum,
627 1013 705 1070 quae
730 998 884 1051 exsecutio
908 997 1059 1070 prioribus

152 1083 266 1161 aliquid
308 1083 496 1154 addentium,
531 1103 653 1140 omnem
697 1083 830 1161 denique
871 1083 1069 1141 senatoriuml

152 1193 278 1244 morem,
291 1173 372 1250 quod
393 1173 599 1231 fidelissimum
613 1173 819 1250 praecipiendi
833 1193 939 1250 genus,
954 1177 1069 1231 exem-l

153 1262 210 1339 plis
224 1263 419 1320 docebantur
1068 1241 1069 1298 l

195 1354 237 1410 At
250 1373 305 1411 nos
327 1357 452 1410 iuvenes
472 1354 583 1411 fuimus
597 1353 744 1459 quidem
736 1374 768 1410 m
782 1358 895 1425 castris,
911 1354 966 1412 sed
989 1331 1069 1412 cuml

153 1452 293 1520 suspecta
327 1447 431 1515 virtus,
466 1448 575 1501 inertia
609 1447 641 1500 in
676 1448 784 1520 preti0,
819 1463 887 1501 cum
929 1419 1069 1502 ducibusl

153 1537 314 1591 auctoritas
328 1532 421 1604 nulla,
436 1533 520 1590 nulla
533 1533 680 1590 militibus
701 1534 892 1605 verecundia,
906 1554 1057 1612 nusquam

153 1627 322 1698 imperium,
337 1643 485 1700 nusquam
500 1624 686 1700 obsequium,
702 1627 803 1680 omnia
816 1624 924 1695 soluta,
933 1626 1069 1696 turbata,

153 1721 244 1790 atque
259 1717 374 1770 etiam
366 1734 398 1770 ιιι
412 1716 594 1769 contrarium
609 1731 703 1783 versa,
713 1720 866 1787 postremo
880 1712 1069 1770 obliviscen-

153 1802 191 1859 da
205 1807 300 1878 magis
309 1823 399 1880 quam
413 1801 555 1860 tenenda
600 1801 697 1859 Iidem
711 1807 918 1879 prospeximus
932 1808 1069 1886 curiam‚q

153 1891 207 1948 sed
220 1896 333 1949 curiam
347 1892 497 1968 trepidam
512 1900 545 1949 et
567 1891 739 1967 elinguem;
760 1912 829 1949 cum
848 1892 959 1964 dicere,
974 1893 1069 1970 quod*

153 1972 256 2044 velles
283 1973 493 2050 periculosum,
529 1973 610 2050 quod
645 1972 751 2043 nolles,
786 1978 929 2038 miserum
963 1984 1053 2032 esset.

153 2053 236 2124 Quid
263 2063 337 2113 tunc
365 2055 439 2112 disci
467 2059 576 2131 potuit,
604 2054 678 2131 quid
705 2054 845 2112 didicisse
873 2059 957 2125 iuvit,
985 2075 1069 2112 cum*

153 2144 275 2194 senatus
289 2144 342 2194 aut
356 2136 395 2193 ad
409 2141 504 2193 otium
519 2156 669 2194 summurn
683 2143 736 2193 aut
750 2135 789 2192 ad
804 2156 953 2193 summum
968 2136 1053 2194 nefas
1068 2157 1069 2166 ¹

154 2226 319 2288 vocaretur,
334 2225 366 2274 et
391 2218 481 2274 modo
503 2217 643 2287 ludibrio,
665 2218 755 2273 modo
783 2217 878 2275 dolori
905 2225 1053 2288 retentus,

153 2318 316 2375 numquam
331 2303 418 2370 seria,
431 2303 529 2356 tristia
543 2317 633 2374 saepe
648 2299 810 2356 censeret?
846 2299 961 2356 Eadem
974 2300 1053 2356 mala

153 2384 212 2436 iam
235 2387 398 2449 senatores,
429 2383 489 2435 iam
513 2383 675 2456 participes
695 2379 843 2436 malorum
866 2380 977 2438 multos
998 2401 1054 2457 per

186 2535 242 2584 alf
252 2551 305 2599 any
317 2535 417 2582 motion
430 2534 584 2598 proposed
577 2551 605 2583 ιιι
623 2534 669 2584 the
688 2534 784 2584 Senute
803 2551 857 2600 was
875 2535 990 2600 thought
1008 2543 1054 2586 too

153 2601 266 2664 general,
278 2599 331 2648 and
343 2604 372 2648 to
384 2598 488 2648 include
496 2600 597 2648 several
606 2600 718 2648 distinct
725 2600 839 2659 articles
850 2616 921 2649 some
930 2601 957 2649 of
966 2601 1052 2652 which

153 2666 239 2728 might
259 2665 290 2714 be
310 2664 453 2728 approved,
475 2664 527 2713 and
547 2665 638 2714 others
661 2665 785 2728 rejected,
808 2667 831 2714 it
850 2681 905 2714 was
924 2667 998 2715 usual
1024 2677 1052 2718 to

153 2731 256 2794 require
267 2731 328 2779 that
340 2732 362 2779 it
375 2730 460 2806 might
472 2730 503 2778 bo
516 2730 633 2779 divided
670 2731 771 2790 (Melm.
777 2733 785 2792 )

185 2794 268 2844 l'l‘he
280 2795 370 2844 fourth
388 2796 469 2844 satire
487 2795 515 2844 of
532 2794 647 2846 Juvenal
667 2796 722 2844 will
742 2811 817 2845 serve
837 2812 866 2845 as
886 2813 902 2844 a
921 2807 1051 2849 comment

153 2875 224 2924 upon
236 2859 289 2908 this
301 2876 418 2924 passage,
433 2864 520 2908 where
532 2861 565 2908 he
576 2861 715 2925 acquaints
726 2877 757 2909 us
774 2861 835 2910 that
852 2878 869 2910 a
885 2862 975 2911 turbot
991 2864 1019 2913 of
1036 2883 1051 2913 a

153 2929 222 2973 most
233 2941 371 2974 enormous
381 2925 433 2973 size
451 2925 529 2988 being
544 2924 660 2989 brought
677 2931 706 2975 to
723 2925 866 2987 Domitian,
886 2927 919 2976 he
935 2928 1050 2978 immedi-

153 2988 225 3051 ately
237 2990 369 3038 eouvened
388 2990 434 3038 the
446 2989 571 3049 Senates
564 3005 592 3038 ιιι
603 2989 681 3039 order
692 2997 721 3040 to
733 2991 856 3040 consult
849 3008 876 3040 m
894 2991 965 3042 what
981 3011 1049 3044 nrau-

154 3069 201 3102 ner
212 3055 235 3102 it
247 3055 340 3103 should
354 3055 384 3103 be
396 3054 511 3104 dressed.
549 3055 649 3116 (Melm.
656 3059 663 3115 )

158 3149 213 3204 128
