2114 3440
304 197 392 257 THE
422 200 603 258 LETTERS
633 199 687 258 OF
717 199 843 258 PLlNY

123 361 288 432 potionem,
324 362 442 433 porrexi
478 377 611 435 manum,
647 366 742 434 utque
777 366 929 433 tangeret,
964 360 1022 450 dirq

123 464 339 541 admotumque
368 467 426 521 iam
455 465 545 521 labris
574 465 714 541 poculum
746 466 874 524 reddidi.
920 467 1022 526 Postea

123 591 191 627 eum
220 575 362 629 vicesimo
389 571 572 630 valetudinis
600 572 650 629 die
679 573 799 630 balineo
834 563 1023 650 praepararel

123 686 353 756 mussantesque
387 678 521 736 medicos
557 688 685 754 repente
721 680 873 752 vidissem,
907 701 1024 738 causam

124 789 273 862 requisivi.
332 785 567 861 Responderunt
609 806 696 861 posse
738 807 788 844 me
823 795 891 845 tuto
925 787 1009 844 lavar

124 911 185 947 non
204 899 309 949 tamen
332 896 455 948 omnino
475 895 540 949 sine
565 892 665 969 aliqua
684 897 862 969 suspicione.
907 893 1012 965 ‘Quid

124 1004 247 1077 inquam
271 1007 413 1057 ‘necesse
439 999 528 1058 est?'
561 1008 654 1078 atque
682 1005 725 1058 ita
753 1020 806 1077 spe
829 1001 951 1071 balinei,
982 1022 1012 1059 cr

123 1111 182 1163 iam
207 1106 331 1164 videbar
353 1106 466 1177 inferri,
491 1107 609 1183 placide
638 1107 810 1185 leniterque
839 1107 962 1164 dimissa
993 1129 1010 1163 a

122 1214 338 1271 abstinentiam
352 1233 453 1271 rursus
467 1233 528 1270 non
543 1234 629 1272 secus
650 1235 684 1272 ac
705 1214 795 1271 modo
815 1214 853 1271 ad
874 1213 1021 1272 balineur·

85 1317 87 1320 ’
123 1325 257 1378 animum
294 1321 473 1399 vultumque
508 1325 670 1398 composui.
714 1321 800 1392 Quae
828 1321 885 1378 tibi
913 1327 1021 1398 scripsi

125 1433 253 1504 primum
269 1437 304 1485 ut
318 1436 350 1486 te
365 1449 425 1484 non
442 1433 507 1486 sine
522 1429 662 1505 exemplo
680 1449 845 1499 monerem,
860 1427 975 1485 deinde
1000 1449 1016 1484 u

124 1539 155 1591 in
171 1542 324 1610 posterum
346 1539 411 1612 ipse
430 1523 471 1592 'ad
493 1536 621 1593 eandem
644 1538 877 1608 temperantiam
898 1533 1018 1592 adstrin

63 1709 69 1723 .
124 1661 222 1716 gerer,
236 1662 304 1698 cum
319 1661 368 1698 me
384 1641 440 1698 hac
455 1641 584 1718 epistula
598 1643 681 1715 quasi
697 1642 823 1712 pignore
838 1637 1030 1713 obligassent

126 1747 207 1806 Vale.

175 1843 180 1850 ’
561 1869 591 1926 11

369 2003 538 2062 C.Pn1u1us
561 2002 649 2060 lusro
671 2003 733 2062 Suo
754 2003 783 2061 S.

166 2136 259 2208 Quuu
279 2136 318 2193 ad
336 2135 460 2193 modum
475 2141 624 2212 congruit,
640 2145 675 2193 ut
690 2135 777 2192 simul
793 2143 826 2191 et
839 2133 982 2191 adfirmes
1000 2141 1023 2191 t<

80 2227 83 2234 ’
124 2234 257 2292 adsiduis
284 2234 531 2309 occupationibus
559 2232 700 2309 impediri
729 2240 761 2288 et
789 2235 900 2308 scripta
927 2240 1030 2289 nostra

125 2332 289 2402 desideres,
318 2351 395 2409 quae
423 2336 472 2388 vix
507 2332 545 2388 ab
580 2335 683 2389 otiosis
718 2335 880 2406 impetrare
915 2328 1027 2409 aliquid

125 2434 251 2506 perituri
280 2434 426 2506 temporis
454 2432 607 2506 possunt?
651 2421 758 2488 Patiar*
780 2449 853 2506 ergo
880 2437 1027 2488 aestatem

125 2533 292 2607 inquietam
307 2530 390 2586 vobis
405 2532 632 2605 exercitamque
646 2536 852 2586 transcurrere
874 2534 906 2584 et
928 2527 1027 2584 hieme

125 2627 260 2697 demum,
284 2645 353 2683 cum
375 2626 521 2683 credibile
545 2629 603 2684 erit
625 2627 765 2684 noctibus
788 2626 895 2683 saltem
924 2637 1022 2681 vacarr

125 2733 158 2783 te
183 2745 281 2802 posse,
305 2744 457 2802 quaeram,
482 2725 555 2802 quid
582 2729 771 2801 potissimum
792 2743 830 2781 ex
851 2727 940 2799 nugis
955 2721 1025 2779 meis

126 2826 182 2880 tibi
197 2823 365 2882 exhibeam.
411 2824 538 2882 Interim
552 2823 674 2880 abunde
696 2831 753 2892 est,
765 2825 788 2879 si
804 2820 952 2897 epistulae
967 2832 1024 2875 non

126 2928 198 2978 sunt
220 2921 386 2992 molestae3
416 2931 488 2981 sunt
508 2930 611 2980 autem
633 2929 666 2979 et
680 2920 750 2978 ideo
764 2920 914 2976 breviores
930 2919 1023 2976 erunt.

127 3024 210 3088 Vale.

124 3151 147 3204 '4
