2148 3440
8 2 347 16 μ’

353 221 441 279 ΤΗΕ
470 222 653 280 LETTERS
682 221 737 280 OF
766 218 892 278 PLINY

170 401 266 439 annos
280 381 409 440 vidimus
423 381 626 459 tulimusque:
648 382 757 459 quibus
776 383 900 456 ingenia
920 385 1020 434 nostra
1037 379 1061 429 in.

171 513 326 581 posterum
373 525 494 583 quoque
523 505 678 575 hebetata,
709 505 815 574 fracta,
840 510 967 560 contusa
991 507 1062 690 sunl]

172 629 268 686 Breve
298 638 421 705 tempus
455 631 538 705 (nam
562 638 650 687 tanto
682 631 802 688 brevius
839 647 929 684 omne
961 645 1036 702 quan
1061 693 1062 720 3

171 753 289 811 felicius
314 754 459 829 tempus),
483 773 543 830 quo
570 753 647 810 libet
670 757 755 824 seire,
778 751 852 830 quid
875 755 977 821 simus,
999 748 1062 804 libet

173 896 325 947 exercere,
340 877 421 954 quod
436 877 568 936 scimus.1

213 1000 282 1071 Quo
305 1004 411 1057 iustius
434 1008 516 1076 peto,
541 1004 671 1076 primurn
696 1008 732 1057 ut
760 1003 863 1071 errori,
887 1002 912 1057 si
937 1003 1004 1076 quis
1028 1001 1061 1053 est

172 1142 264 1194 error,
286 1125 400 1180 tribuas
420 1128 548 1196 veniam,
564 1124 676 1182 deinde
697 1124 845 1182 medearis
867 1128 995 1182 scientia
1014 1131 1062 1181 tua.

79 1287 85 1302 .
172 1251 220 1305 cui
234 1267 354 1323 semper
368 1247 427 1304 fuit
442 1268 530 1305 curae
550 1253 592 1306 sic
611 1253 675 1307 iura
696 1249 817 1326 publica
837 1258 872 1307 ut
893 1254 1019 1326 privata,
1033 1251 1064 1332 siq

171 1377 296 1449 antiqua
323 1379 358 1428 ut
386 1376 529 1442 recentia,
559 1376 600 1430 sic
628 1391 694 1428 rara
721 1380 756 1430 ut
775 1344 908 1430 ¹adsidua
936 1380 1061 1430 tractare.

172 1495 276 1571 Atque
301 1514 359 1571 ego
383 1496 511 1553 arbitror
535 1495 593 1552 illis
618 1500 720 1567 etiam,
745 1496 853 1572 quibus
880 1495 1062 1571 plurimarum

172 1637 273 1675 rerum
288 1621 414 1694 agitatio
425 1617 569 1695 frequens
578 1618 654 1674 nihil
666 1639 731 1676 esse
741 1623 880 1695 ignotum
894 1620 1062 1694 patiebatur,

172 1760 269 1816 genus
283 1743 476 1817 quaestioniS‚
496 1739 578 1817 quod
600 1738 705 1797 adfero
725 1739 763 1796 ad
783 1747 825 1810 te,
847 1746 985 1796 autnon
1007 1740 1063 1796 satis

172 1864 279 1917 tritum
300 1867 354 1916 aut
382 1864 474 1918 etiam
498 1863 692 1936 inexpertum
717 1859 816 1917 fuisse.
872 1859 942 1916 Hoc
965 1867 1000 1916 et
1020 1873 1063 1932 ego

174 1985 351 2052 excusatior,
368 1985 392 2038 si
407 1981 486 2039 forte
507 2003 574 2040 sum
594 1982 705 2059 lapsum
727 1991 759 2041 et
779 1990 814 2042 tu
836 1983 957 2060 dignior
979 1981 1063 2046 laude,

173 2107 197 2162 si
219 2111 306 2179 potes
329 2102 360 2159 id
381 2122 501 2179 quoque
525 2102 644 2173 docere,
667 2102 748 2178 quod
770 2107 802 2158 in
825 2103 952 2160 obscuro
967 2111 1063 2170 estur

173 2223 322 2281 didiceriS.

216 2342 416 2399 Referebatur
450 2341 489 2398 de
524 2341 641 2399 libertis
677 2340 783 2396 Afrani
806 2340 915 2398 Dextri
948 2340 1064 2398 consulis

174 2469 323 2522 incertum
345 2483 398 2520 sua
418 2484 456 2520 an
479 2484 599 2521 suorum
620 2483 721 2534 manu,
741 2462 855 2520 scelere
874 2483 913 2518 an
935 2464 1064 2541 obsequio

174 2589 314 2662 peremti.
373 2583 438 2640 Hos
466 2583 541 2640 alius
563 2583 709 2662 (‘Quis?'
736 2587 843 2660 inquis.
904 2583 991 2660 Eg03
1024 2579 1063 2639 sed

174 2703 249 2760 nihil
273 2699 381 2781 refert)
402 2710 471 2778 post
493 2705 703 2778 quaestionem
728 2701 875 2777 supplicio
896 2701 1064 2764 liberandos.

173 2826 249 2883 alius
273 2831 305 2883 in
329 2825 457 2882 insulam
480 2823 668 2900 relegandum
691 2824 766 2882 alius
789 2832 886 2882 morte
908 2826 1063 2901 puniendos

174 2947 382 3003 arbitrabatur.
426 2943 562 3014 Quarum
581 2947 801 3001 sententiarum
820 2952 906 3001 uinta
920 2944 1063 3002 diversitas

180 3115 182 3120 .
207 3074 215 3104 ¹
233 3075 330 3122 scimus
342 3073 528 3134 Reifferscheid.
539 3073 609 3123 Mur.
623 3073 703 3123 Rieu.
717 3076 788 3135 1860,
803 3091 827 3138 p.
838 3076 896 3134 636,
907 3091 1000 3126 sumus
1013 3075 1059 3134 vulp

179 3185 235 3239 130
