2162 3438
317 199 406 256 THE
432 145 616 257 LETTEllS
646 197 700 256 OF
730 196 857 255 PLINY

135 355 257 413 laudem
280 355 384 412 similis
408 358 557 425 monenti,
582 354 663 430 quod
692 372 762 409 eum
789 352 915 409 modum
944 360 1047 422 tenes,

135 470 171 519 ut
205 462 377 519 discrimina
415 461 554 518 ordinum
590 459 835 536 dignitatumque
871 458 1048 526 custodias;

135 588 212 645 quae
238 573 262 625 si
287 567 420 639 confusa,
446 569 577 637 turbata,
601 570 751 642 permixta
779 573 860 636 sunt,
888 564 967 622 nihil
998 574 1049 623 est

134 679 199 751 ipsa
212 675 397 753 aequalitate
412 674 607 752 inaequalius.
651 672 735 730 Vale.

562 960 605 1016 Vl

353 1120 384 1176 C.
409 1119 529 1176 Pennus
551 1119 686 1175 Csuvrsro
708 1116 769 1175 Suo
791 1117 819 1174 S.

174 1276 268 1334 Onus:
296 1276 353 1333 hoc
381 1285 503 1353 tempus
538 1280 619 1333 inter
653 1274 816 1352 pugillares
850 1296 885 1332 ac
919 1275 1043 1339 libellos

133 1373 347 1432 iucundissima
365 1377 468 1450 quiete
490 1377 649 1432 transmisi.
694 1373 812 1444 ‘Quem
833 1372 872 1430 ad
894 1374 1042 1447 modum,'

132 1473 240 1547 inquis,
267 1476 317 1528 ‘in
345 1474 420 1530 urbe
448 1472 614 1548 potuisti?'
658 1471 814 1529 Circenses
842 1480 951 1540 erant;
980 1493 1042 1550 quo

132 1589 246 1646 genere
261 1571 426 1646 spectaculi
441 1591 480 1627 ne
495 1570 645 1628 levissime
660 1569 783 1648 quidem
798 1578 915 1627 teneor.
953 1571 1041 1629 Nihil

131 1688 253 1739 novum,
267 1668 343 1724 nihil
358 1673 481 1739 varium,
496 1668 571 1725 nihil
594 1669 675 1746 quod
695 1687 757 1725 non
771 1667 866 1725 semel
885 1677 1040 1744 spectasse
1069 1693 1070 1746 q

133 1765 266 1822 sufficiat.
311 1765 380 1836 Quo
401 1771 497 1842 magis
519 1770 611 1822 miror
634 1773 682 1823 tot
709 1767 792 1822 milia
814 1770 946 1823 vironnn
974 1776 1039 1826 tam
1069 1769 1070 1814 l

131 1863 290 1940 pueriliter
318 1865 488 1922 identidem
523 1883 634 1940 cupere
670 1873 826 1923 currentes
861 1885 967 1942 equos
995 1873 1039 1924 in-

132 1966 276 2019 sistentes
304 1964 439 2020 curribus
470 1962 609 2020 homines
637 1963 748 2020 videre.
792 1963 824 2022 Si
852 1971 956 2022 tamen
984 1974 1038 2024 aut
1069 1979 1070 2018 l

130 2061 293 2118 velocitate
316 2080 462 2138 equorum
486 2068 540 2117 aut
564 2060 721 2117 hominum
743 2069 808 2118 arte
830 2061 1037 2134 traherentur,
1069 2111 1070 2138 ,

131 2167 213 2216 esset
235 2163 311 2216 ratio
336 2158 500 2228 nonnulla;
527 2179 608 2215 nunc
633 2158 738 2216 lavent
765 2179 876 2235 panno,
900 2181 1036 2236 pannum
1069 2147 1070 2194 3

129 2265 242 2327 amant,
263 2266 295 2314 et
317 2261 341 2314 si
368 2261 400 2313 in
424 2261 488 2333 ipso
511 2277 599 2315 cursu
621 2258 782 2334 medioque
802 2263 970 2317 certamine
986 2260 1036 2318 hic

129 2355 211 2411 color
235 2354 316 2426 illuc,
341 2354 392 2412 ille
414 2354 473 2412 huc
501 2355 709 2427 transferatur,
733 2357 867 2414 studium
891 2355 1034 2436 favorque

130 2454 280 2524 transibit,
296 2461 329 2510 et
348 2462 476 2530 repente
490 2457 654 2530 agitatores
669 2453 746 2524 illos
760 2473 853 2531 equos
868 2454 946 2527 illos,
961 2477 1035 2534 quos
1069 2471 1070 2520 ζ

130 2550 234 2627 procul
258 2555 419 2622 noscitant,
445 2571 573 2628 quorum
600 2551 758 2609 clamitant
786 2557 917 2624 nomina,
943 2555 1033 2612 relin-
1069 2541 1070 2580 3

129 2659 234 2728 quent.

169 2748 268 2806 Tanta
302 2753 409 2825 gratia,
437 2757 523 2806 tanta
554 2753 716 2807 auctoritas
744 2754 776 2806 in
806 2771 864 2808 una
891 2752 1031 2812 vilissima

163 2915 176 2937 ⁶
192 2907 248 2956 The
262 2924 350 2972 gamas
362 2910 389 2957 in
402 2909 448 2958 the
465 2909 558 2959 Circus
575 2909 716 2970 Maximus,
731 2911 825 2978 chiefly
842 2915 989 2980 consisting
1004 2917 1029 2966 ol
1069 2895 1070 2964 l

129 2970 325 3032 chariot-races,
347 2973 388 3022 for
407 2974 494 3024 which
513 2974 559 3023 the
583 2974 685 3024 Roman
707 2993 757 3041 peo
776 2976 801 3026 lo
820 2978 873 3028 had
892 2979 939 3030 tho
961 2997 1028 3032 saure

129 3036 235 3097 passion
247 3051 276 3085 as
288 3037 334 3086 the
346 3038 458 3102 English
469 3054 529 3087 now
541 3039 608 3088 have
619 3039 661 3089 for
672 2993 784 3091 football
796 3044 921 3094 matchcs.
1069 3043 1070 3054 ¹

133 3127 189 3196 184
