2150 3444
299 206 388 264 THE
417 205 601 302 LETTERS
630 206 684 266 OF
714 205 841 262 PLINY

509 436 625 494 LXVII

291 569 322 628 C.
347 570 467 627 Puuuus
487 570 626 627 Taurino
649 570 837 627 Iursnrrorn

158 700 280 758 Laouro
295 701 489 761 Sauromatae
504 705 594 777 regiS,
609 721 678 758 cum
693 720 746 758 sua
766 708 875 778 sponte
898 701 1025 770 Niceae,

115 784 166 840 ubi
204 803 253 841 me
288 787 456 853 invenerat,
493 783 586 839 biduo
621 784 816 852 substitisset,
853 782 1024 858 longiorem

114 884 229 921 moram
263 865 443 934 faciendam,
472 863 604 934 domine,
633 883 695 920 non
730 867 855 939 putavi;
890 867 1024 939 primum
1053 915 1054 928 ,

114 945 195 1022 quod
224 950 375 1003 incertum
403 944 502 1002 adbuc
532 953 606 1015 erat,
636 944 758 1021 quando
785 945 915 1002 libertus
952 953 1024 1002 tuus
1053 949 1054 964 ¹

115 1026 277 1102 Lycormas
291 1034 437 1084 venturus
452 1034 542 1096 esset,
557 1025 669 1084 deinde
684 1025 766 1104 quod
777 1030 842 1103 ipse
851 1026 1022 1102 proficisce·

84 1117 87 1124 '
114 1109 167 1165 bar
182 1112 213 1164 in
227 1109 377 1165 diversam
391 1111 563 1184 provinciae
577 1115 696 1184 partem
717 1113 760 1165 ita
781 1107 868 1164 officii
890 1113 1022 1166 necessi-

114 1196 179 1246 tate
208 1193 360 1266 exigente,
405 1189 546 1246 Haecin
567 1193 708 1247 notitiam
729 1197 814 1246 tuam
836 1189 1022 1265 perferenda

114 1274 291 1341 existimavi,
321 1274 392 1348 quia
422 1275 557 1346 proxime
588 1275 765 1347 scripseram
802 1274 927 1346 petiisse
967 1269 1021 1349 Ly-

114 1372 255 1423 cormam,
277 1360 313 1409 ut
340 1352 535 1428 legationem,
557 1356 582 1410 si
603 1373 662 1429 qua
682 1356 817 1410 venisset
837 1372 855 1408 a
876 1351 1019 1428 Bosporo,

113 1437 254 1509 usquein
274 1433 442 1490 adventum
463 1454 551 1491 suum
569 1427 745 1491 retinerem.
790 1431 881 1505 Quod
903 1431 1019 1490 diutius

112 1513 244 1571 faciendi
266 1514 350 1572 nulla
374 1514 449 1571 mihi
474 1515 637 1591 probabilis
659 1518 736 1572 ratio
757 1518 906 1582 occurrit;
932 1534 1018 1590 prae·

113 1599 217 1652 sertim
243 1615 311 1652 cum
337 1597 485 1672 epistulae
509 1595 684 1674 Lycormae,
710 1616 783 1673 quas
809 1596 961 1666 detinere,
984 1605 1019 1653 ut

111 1685 184 1734 ante
209 1677 355 1753 praedixi,
379 1677 472 1748 nolui,
495 1677 611 1755 aliquot
634 1678 742 1736 diebus
770 1677 852 1734 hunc
879 1676 1018 1753 legatum

111 1767 323 1817 antecessurae
345 1758 529 1816 viderentur.
765 1765 767 1774 '

498 2052 635 2110 LXVIII

293 2185 324 2242 C.
345 2184 466 2242 Pumrus
486 2184 625 2242 Turrino
648 2157 834 2240 Iuruuurom

152 2315 340 2373 Puruurrnus
361 2315 549 2393 qmbusdam,
571 2323 606 2372 ut
630 2316 686 2372 sibi
714 2314 856 2391 reliquias
883 2334 1018 2386 suorum,

109 2404 164 2454 aut
182 2405 307 2474 propter
326 2401 464 2454 iniuriam
486 2401 646 2454 vetustatis
666 2404 720 2453 aut
739 2403 865 2472 propter
884 2395 1018 2454 fluminis

110 2481 263 2536 incursum
282 2478 400 2555 aliaque
421 2479 468 2536 his
493 2478 601 2535 similia
620 2496 827 2554 quaecumque
847 2477 1015 2535 secundum

110 2560 285 2636 exemplum
299 2560 511 2636 proconsulum
524 2558 687 2617 transferre
709 2562 930 2634 permitterem,
945 2564 1016 2635 quia
1053 2573 1054 2582 ¹

110 2642 242 2698 sciebam
261 2645 292 2697 in
309 2639 384 2698 urbe
398 2649 500 2699 nostra
515 2661 553 2698 ex
567 2645 631 2698 eius
645 2640 727 2696 modi
741 2643 836 2696 causis
851 2638 1014 2715 collegium

109 2722 286 2797 pontificum
300 2722 376 2779 adiri
390 2723 496 2792 solere,
511 2729 553 2792 te,
568 2722 700 2792 domine,
715 2723 879 2778 maximum
892 2721 1015 2796 pontili-
1053 2743 1054 2746 ¹

110 2821 177 2858 cern
191 2802 410 2859 consulendum
424 2806 537 2878 putavi,
551 2803 625 2879 quid
639 2803 796 2859 observare
811 2821 861 2860 me
875 2801 958 2859 velis.

112 2902 131 2907 --
142 2903 155 2960 s*
166 2903 227 2979 rue
237 2931 368 2994 pontifices
378 2948 446 2981 were
458 2932 505 2981 the
522 2932 629 2997 highest
647 2932 674 2981 of
692 2931 739 2981 the
756 2904 827 2982 iour
835 2903 911 2998 &eat
921 2906 1012 2984 sacer·

109 2993 315 3058 dotalcolleges.
351 2995 429 3044 From
441 2997 487 3045 the
499 2997 564 3045 time
575 2997 603 3046 oi
621 2999 664 3046 Au
701 3003 767 3056 stus,
788 2997 859 3047 their
875 2998 1013 3064 president

110 3057 244 3120 (Pontifex
254 3058 399 3122 Maximus)
413 3077 467 3111 was
478 3060 525 3110 the
535 3062 656 3128 reigning
682 3078 802 3128 imperor.

112 3150 169 3222 366
