2162 3438
332 184 420 242 THE
449 183 633 243 LETTERS
662 185 716 242 OF
746 185 873 244 PLINY

150 364 212 400 non
232 345 453 401 abstinuissem.
497 343 612 401 Addidi
635 343 716 400 hunc
738 342 875 399 ordinem
896 362 946 399 me
971 347 1063 399 etin

149 462 310 520 scribendo
333 468 427 540 sequi,
457 471 492 520 ut
515 467 714 520 necessitates
737 461 952 538 voluptatibus,
979 465 1066 518 seria

148 581 287 640 iucundis
312 582 498 640 anteferrem
526 603 560 645 ac
588 587 719 658 primum
747 586 861 653 amiciS,
885 589 951 638 tum
981 581 1068 638 mihi

149 703 319 760 scriberem.

190 819 283 878 Liber
315 819 374 878 fuit
407 829 439 878 et
467 821 618 897 opusculis
647 825 743 878 varius
772 829 805 879 et
836 824 949 878 metris.
1011 820 1065 878 Ita

148 935 289 1006 solemus,
305 941 356 1012 qui
377 939 501 1012 ingenio
523 956 628 1012 parum
652 936 781 1007 fidimuS,
804 939 953 993 satietatis
978 939 1065 1012 peri-

149 1050 250 1107 culum
287 1050 402 1126 fugere.
463 1051 597 1108 Recitavi
639 1051 739 1108 biduo
800 1052 867 1107 Hoc
909 1050 1065 1108 adsensus

151 1165 340 1223 audientium
372 1171 483 1242 exegit.
542 1166 583 1224 Et
609 1175 725 1238 tamen,
752 1175 787 1225 ut
814 1167 865 1224 alii
893 1175 1065 1224 transeunt

149 1281 298 1358 quaedam
317 1286 541 1359 imputantque,
564 1282 645 1360 quod
668 1291 834 1353 transeant,
850 1287 891 1340 sic
906 1302 965 1359 ego
981 1283 1064 1339 nihil

149 1404 308 1472 praetereo
336 1405 428 1474 atque
457 1402 548 1455 etiam
578 1418 639 1454 non
667 1381 833 1474 praeterire
861 1418 920 1468 me,
948 1407 1062 1456 testor.

151 1510 234 1588 Lego
259 1517 340 1568 enim
365 1517 476 1582 omnia,
500 1521 534 1570 ut
559 1518 659 1570 omnia
682 1514 853 1584 emendem,
879 1513 961 1590 quod
987 1535 1064 1572 con-

149 1629 269 1703 tingere
298 1647 359 1684 non
388 1636 490 1704 potest
519 1629 617 1686 electa
646 1630 852 1686 recitantibus
908 1628 951 1686 At
980 1629 1064 1687 illud

148 1741 315 1821 modestius
336 1751 369 1801 et
390 1742 517 1801 fortasse
539 1749 734 1802 reverentius.
778 1743 839 1802 Sed
862 1745 919 1801 hoc
944 1744 1063 1821 simpli-

149 1860 213 1913 cius
228 1865 261 1915 et
274 1863 433 1916 amantius.
464 1830 557 1917 Amat
571 1864 662 1930 enim,
678 1863 730 1936 qui
745 1879 777 1916 se
792 1863 834 1916 sic
848 1863 941 1915 amari
956 1867 1061 1934 putat,

148 1980 184 2030 ut
199 1973 333 2030 taedium
345 1994 406 2030 non
415 1979 612 2050 pertimescat
623 1994 630 2042 ;
645 1981 678 2032 et
688 1974 800 2050 alioqui
811 1972 884 2050 quid
896 1981 1060 2048 praestant

149 2088 276 2160 sodaleS,
286 2093 310 2147 si
320 2093 506 2147 conveniunt
515 2089 679 2166 voluptatis
688 2108 759 2146 suae
769 2089 874 2144 causa?
897 2087 1060 2146 Delicatus

148 2223 183 2260 ac
197 2203 302 2260 similis
316 2208 421 2280 ignoto
435 2211 493 2274 est,
506 2208 558 2280 qui
579 2207 667 2260 amici
685 2202 796 2259 libmm
811 2203 924 2259 bonum
939 2204 1060 2260 mavult

148 2318 253 2375 audire
268 2337 357 2394 quam
372 2318 479 2374 facere.

191 2433 260 2489 Non
288 2433 396 2490 dubito
424 2453 535 2508 cupere
564 2442 596 2491 te
625 2453 680 2508 pro
708 2441 810 2490 cetera
837 2436 898 2490 mei
926 2437 1058 2492 caritate

148 2568 236 2625 quam
273 2551 474 2606 maturissime
508 2548 612 2624 legere
647 2547 729 2604 hunc
766 2546 866 2604 adhuc
900 2555 1057 2605 musteum

148 2666 267 2723 librum.
298 2664 406 2741 LegeS,
419 2665 473 2722 sed
487 2671 696 2733 retractatum,
710 2683 788 2740 quae
803 2683 891 2720 causa
905 2664 1056 2722 recitandi

149 2779 226 2847 fuit;
247 2788 279 2836 et
300 2788 402 2836 tamen
425 2778 571 2835 nonnulla
592 2783 651 2834 iarn
667 2799 704 2836 ex
720 2799 756 2836 eo
770 2781 857 2836 nosti.
903 2778 991 2835 Haec
1006 2781 1054 2837 vel

150 2893 311 2951 emendata
330 2901 436 2970 postea
452 2893 510 2962 vel,
533 2892 613 2970 quod
637 2894 789 2952 interdum
812 2893 949 2970 longiore
972 2915 1055 2952 mora

150 3009 236 3078 solet,
259 3009 409 3067 deteriora
430 3007 512 3066 facta
531 3013 616 3086 quasi
635 3029 712 3068 nova
733 3028 834 3067 rursus
856 3016 889 3066 et
908 3015 1054 3087 rescripta

155 3119 211 3174 160
