2148 3440
356 237 444 295 THE
473 236 656 295 LETTERS
684 237 739 295 OF
769 237 896 296 PLINY

173 399 265 452 inseri
279 399 376 471 cupio.
414 395 493 452 Nam
508 399 533 452 si
547 414 613 453 esse
628 396 715 453 nobis
729 415 819 454 curae
834 395 922 468 solet,
936 405 973 454 ut
987 397 1067 456 facie

175 509 277 560 nostra
290 504 329 558 ab
350 505 466 578 optimo
487 521 607 580 quoque
628 502 743 560 artifice
765 506 961 580 exprimatur,
978 525 1067 562 nonn

173 609 320 667 debemus
354 617 471 686 optare,
504 618 539 667 ut
573 611 715 685 operibus
749 614 860 668 nostris
894 611 1010 669 similis'
1044 622 1067 672 tr

173 721 301 792 scriptor
316 717 566 793 praedicatorque
580 719 760 793 contingat?
797 716 985 774 Demonstro
1000 739 1067 796 erg«

174 843 356 901 quamquam
370 823 563 900 diligentiam
577 832 662 881 tuam
677 823 785 901 fugere
806 843 869 880 non
889 829 996 901 possit,
1016 847 1067 884 cui

173 935 212 988 sit
240 935 272 987 in
301 930 428 1006 publicis
456 934 540 1002 actis,
563 930 740 990 demonstro
764 939 878 1003 tamen,
899 951 960 1008 quo
985 953 1067 1011 mag

173 1037 288 1108 credas,
311 1037 476 1095 iucundum
500 1037 574 1094 mihi
603 1037 749 1110 futurum,
772 1043 797 1096 si
824 1037 939 1097 factum
967 1059 1067 1098 menn

174 1149 258 1203 cuius
280 1149 377 1221 gratia
398 1145 533 1222 periculo
554 1150 660 1218 crevit,
682 1154 735 1205 tuo
759 1149 894 1224 ingeni0,
916 1155 972 1204 tuo
998 1155 1067 1207 test

173 1258 275 1312 monio
289 1257 449 1311 ornaveris.

215 1362 352 1420 Dederat
379 1381 429 1418 me
457 1369 580 1419 senatus
608 1381 677 1418 cum
714 1361 875 1420 Herennio
910 1362 1067 1420 Senecion

174 1471 354 1528 advocatum
389 1472 560 1544 provinciae
603 1469 744 1528 Baeticae
786 1479 891 1528 contra
933 1469 1067 1530 Baebiur

176 1577 306 1634 Massam
321 1576 525 1653 damnatoque
548 1576 648 1634 Massa
669 1585 838 1646 censuerat,
859 1585 895 1634 ut
915 1577 997 1644 bona
1022 1583 1067 1636 eiu

174 1684 295 1761 publice
330 1684 562 1741 custodirentur.
619 1683 757 1756 Senecio,
779 1693 858 1741 'cum
894 1685 1066 1760 explorasse

175 1790 312 1849 consules
337 1789 590 1867 postulationibus
616 1798 781 1862 vacaturoS,
805 1794 948 1848 convenit
974 1812 1028 1849 me
1055 1811 1066 1849 ε

93 1945 97 1956 .
174 1898 262 1969 ‘Qua
290 1897 469 1955 concordia'
492 1901 598 1974 inquit
626 1901 816 1955 ‘iniunctam
846 1899 933 1955 nobis
964 1917 1066 1956 accusa

175 2008 290 2062 tionem
305 2008 441 2062 exsecuti
462 2023 574 2074 sumus,
588 2003 646 2060 hac
666 2003 810 2062 adeamus
834 2004 974 2062 eonsules
1000 2013 1066 2080 peu

175 2130 313 2188 musque,
336 2131 376 2168 ne
404 2112 484 2168 bona
507 2110 646 2189 dissipari
671 2115 783 2182 sinant,
805 2130 933 2187 quorum
958 2131 1029 2170 esse
1054 2115 1066 2170 i]

174 2218 311 2276 custodia
331 2217 467 2276 debent!
512 2217 685 2294 Respondi:
715 2217 809 2274 ‘Cum
831 2221 924 2276 simus
941 2218 1066 2280 advocat

79 2317 85 2326 ’
173 2347 191 2383 a
213 2333 320 2383 senatu
345 2325 420 2396 dati,
444 2326 569 2402 dispice,
593 2344 666 2381 num
694 2332 832 2400 peractas
860 2332 950 2400 putes
980 2336 1066 2401 parta

173 2441 291 2492 nostras
320 2439 443 2490 senatus
472 2435 647 2508 cognitione
677 2429 781 2488 finita)
835 2431 876 2488 Et
904 2430 975 2489 ille:
1007 2433 1065 2490 ‘Ti

174 2559 265 2617 quem
292 2538 382 2607 voleS,
408 2539 465 2595 tibi
489 2541 656 2596 terminum
679 2544 807 2608 statues,
830 2541 878 2594 cui
902 2536 987 2596 nulla
1012 2559 1065 2600 cun

173 2649 328 2722 provincia
352 2645 546 2702 necessitudo
569 2648 628 2702 nisi
651 2664 688 2701 ex
711 2644 860 2702 beneficio
884 2653 938 2702 tuo
961 2653 995 2704 et
1026 2648 1065 2706 ho

174 2755 312 2819 recenti;
341 2755 405 2828 ipse
434 2758 467 2808 et
495 2759 585 2808 natus
614 2752 717 2810 ibi.et
739 2758 881 2827 quaestor
902 2755 934 2808 in
956 2772 994 2809 ea
1017 2754 1065 2812 fui.

173 2859 252 2916 Tum
281 2879 356 2934 ego:
399 2858 448 2916 ‘Si
478 2857 570 2914 fixum
604 2859 661 2915 tibi
693 2857 775 2915 istud
803 2878 838 2914 ac
866 2857 1065 2920 deliberatum

208 3040 221 3062 ⁰
239 3031 359 3098 Peuding
377 3032 533 3082 restitution
553 3036 582 3081 to
604 3031 651 3082 the
673 3031 833 3090 provinciale
853 3031 881 3082 oi
902 3031 948 3082 the
971 3027 1065 3098 moneyl

177 3097 301 3147 extorted
315 3097 349 3163 by
361 3097 450 3147 Massa
461 3098 489 3146 in
501 3097 543 3146 liis
554 3097 750 3162 govemorship.
1064 3089 1065 3159 l

180 3191 219 3247 86
