2160 3438
307 197 396 254 THE
425 195 608 254 LETTERS
637 195 692 254 OF
722 195 849 253 PLINY

127 359 170 416 Ut
192 357 324 426 decreta,
339 357 448 433 quibus
469 355 605 412 damuati
619 361 715 423 erant,
731 352 984 429 proferebantur,
1000 356 1041 408 ita
1061 331 1062 336 ἵ

125 465 209 522 nulla
257 470 464 533 monumenta,
508 463 616 540 quibus
657 461 778 518 liberati
819 461 1039 536 probarentur.

126 571 221 628 Erant
268 578 382 640 tamen,
428 573 480 647 qui
524 569 662 626 dicerent
705 568 909 644 deprecantes
955 572 1041 626 iussu

124 677 337 754 proconsulum
393 676 601 753 legatorumve
659 675 804 732 dimissos,
886 673 1041 732 Addebat

124 783 225 854 fidem,
254 783 335 861 quod
364 783 509 841 credibile
539 790 605 840 erat
640 785 794 839 neminem
830 781 888 838 hoc
927 802 1038 838 ausum

125 895 190 950 sine
205 899 336 948 auctore.

515 1123 637 1181 XXXII

435 1284 591 1342 Tauranus
613 1283 718 1340 Pururo

166 1447 387 1502 Msurumuuus
400 1444 511 1501 idcirco
521 1451 553 1500 te
562 1447 594 1500 in
603 1446 691 1500 istam
700 1446 885 1519 provinciam
893 1447 1033 1515 missum,

124 1564 266 1637 quoniam
281 1559 377 1616 multa
391 1563 423 1615 in
444 1578 480 1615 ea
501 1559 693 1617 emendanda
713 1563 917 1635 apparuerint.
965 1560 1032 1618 Erit

123 1684 227 1733 autem
261 1675 310 1732 vel
346 1673 403 1731 hoc
439 1678 569 1731 maxime
607 1675 830 1752 corrigendum,
857 1675 950 1753 quod,
981 1681 1029 1754 qui

124 1793 259 1850 damnati
274 1791 312 1849 ad
326 1810 456 1868 poenam
471 1798 567 1861 erant,
582 1810 643 1847 non
657 1790 749 1848 modo
764 1795 878 1848 casine
894 1800 1028 1862 auctore,

124 1915 159 1963 ut
181 1908 295 1977 scribis
318 1907 439 1964 liberati
462 1914 542 1976 sunt,
568 1906 623 1964 sed
647 1910 740 1964 etiam
763 1909 795 1962 iu
818 1906 1026 1965 condicionem

124 2024 285 2098 proborum
320 2026 526 2080 ministrorum
568 2022 772 2080 retrahuntur.
831 2022 892 2093 Qui
934 2027 1026 2100 igitur

123 2142 204 2196 intra
225 2138 280 2196 hos
302 2142 453 2214 proximos
475 2136 582 2194 decern
605 2157 699 2194 annos
721 2137 858 2195 damnati
879 2158 937 2196 nec
966 2139 1025 2197 ullo

123 2253 234 2311 idoneo
258 2261 379 2311 auctore
402 2253 523 2310 liberati
548 2261 628 2323 sunt,
653 2252 708 2310 hos
733 2255 886 2331 oportebit
911 2275 1024 2330 poenae

124 2389 195 2426 suae
210 2367 315 2437 reddi;
343 2372 367 2426 si
389 2372 440 2445 qui
461 2373 642 2426 vetustiores
669 2372 864 2427 invenientur
885 2378 917 2428 et
937 2389 1024 2428 senes

123 2492 195 2541 ante
210 2503 305 2540 annos
326 2483 433 2540 decem
455 2484 599 2555 damnati,
615 2483 828 2542 distribuamus
849 2483 916 2544 illos
935 2490 968 2543 in
989 2507 1023 2544 ea

123 2601 299 2668 ministeria,
314 2617 391 2675 quae
406 2618 467 2654 non
481 2596 572 2674 longe
586 2619 604 2654 a
617 2619 716 2675 poena
730 2602 799 2656 sint.
829 2598 934 2658 Solent
942 2605 1021 2658 enirn

124 2719 188 2771 eius
212 2714 294 2770 modi
318 2714 357 2770 ad
382 2714 544 2784 balineum,
568 2714 607 2772 ad
630 2719 826 2790 purgationes
848 2715 1019 2789 cloacarum,

123 2831 198 2886 item
212 2832 396 2886 munitiones
411 2834 525 2886 viarum
540 2838 572 2888 et
586 2835 718 2887 vicorum
733 2831 806 2888 dan'.
