2160 3438
306 215 394 272 THE
423 214 606 276 LETTERS
636 217 691 276 OF
722 217 847 274 PLINY

541 436 610 494 LVI

302 577 333 634 C.
358 578 479 636 Punuus
500 579 638 638 Turrino
660 580 848 637 lupanarour

165 717 299 788 Summas,
324 718 456 790 dominc,
477 725 589 796 gratias
611 740 678 798 ago,
704 723 755 797 qui
780 723 862 777 inter
886 723 1035 776 maximas

124 829 337 900 occupationes
365 826 418 882 in1
447 830 492 897 iis,
520 827 560 884 de
588 828 697 904 quibus
731 834 764 884 te
799 826 949 898 consului,
986 847 1034 882 me

124 953 245 1011 quoque
273 954 380 1010 regere
411 935 554 1011 dignatus
590 955 643 1005 es;
678 934 759 1013 quod
794 954 874 991 nunc
911 953 1034 1012 quoque

125 1037 215 1094 facias
243 1058 323 1115 rogo.
377 1039 463 1098 Adiit
488 1045 569 1108 enim
597 1053 661 1098 me¹
675 1039 796 1118 quidam
825 1039 1034 1117 indicavitque

125 1146 308 1206 adversarios
343 1169 411 1206 suos
438 1170 456 1205 a
484 1150 610 1207 Servilio
638 1150 738 1219 Cium,
766 1148 931 1206 clarissimo
964 1152 1035 1216 viro,

125 1258 157 1310 in
192 1258 358 1313 triennium
388 1256 539 1333 relegatos
566 1263 598 1314 in
626 1260 779 1333 provincia
806 1259 924 1312 morari.
987 1255 1034 1312 Illi

126 1369 232 1419 contra
246 1362 284 1418 ab
299 1362 405 1419 eodem
421 1383 453 1420 se
468 1368 626 1421 restitutos
640 1363 874 1420 adfirmaverunt
885 1361 1034 1419 edictum-

127 1489 186 1546 que
214 1473 427 1528 recitaverunt.
471 1470 540 1542 Qua
567 1491 656 1530 causa
683 1474 887 1529 necessarium
915 1470 1033 1528 credidi

126 1595 192 1632 rem
217 1580 367 1653 integram
391 1577 430 1634 ad
453 1586 486 1636 te
508 1578 630 1636 referre.
674 1578 753 1635 Nam
778 1582 856 1635 sicut
881 1577 1034 1634 mandatis

127 1687 188 1740 tuis
213 1692 334 1741 cautum
357 1693 413 1756 est,
428 1705 468 1742 ne
489 1691 647 1744 restituam
662 1687 700 1743 ab
715 1685 775 1743 alio
796 1692 850 1742 aut
870 1705 889 1741 a
912 1705 965 1743 me
988 1705 1034 1742 re-

127 1790 253 1866 legatos,
268 1796 312 1848 ita
325 1792 364 1849 de
378 1796 423 1865 iis,
438 1813 513 1871 quos
527 1794 602 1852 alius
617 1793 798 1870 relegaverit
809 1800 842 1850 et
852 1795 1034 1862 restituerit,

127 1898 204 1955 nihil
218 1899 470 1976 comprehensum
485 1910 540 1959 est.

170 2005 244 2062 lde0
256 2014 301 2077 tu,
317 2006 448 2078 domine,
464 2008 666 2065 consulendus
681 2007 774 2078 fuisti,
789 2006 862 2084 quid
873 2007 1034 2063 observare

129 2133 177 2170 me
201 2113 294 2172 velles
317 2122 381 2172 tam
404 2114 526 2172 hercule
552 2115 591 2172 dc
614 2115 660 2172 his
681 2135 772 2191 quam
790 2114 830 2171 de
845 2113 914 2183 illis,
927 2119 981 2191 qui
1005 2119 1034 2170 in

128 2229 311 2296 perpetuum
339 2221 468 2298 relegati
492 2242 549 2278 nec
577 2225 711 2279 restituti
739 2225 771 2278 in
799 2223 954 2297 provincia
981 2221 1036 2278 de-

128 2327 368 2401 prehenduntur.
414 2328 492 2384 Nam
513 2327 588 2385 haec
609 2346 729 2404 quoque
744 2330 859 2403 specics
872 2326 983 2383 incidit
1004 2331 1035 2383 in

129 2437 334 2508 cognitionem
359 2455 466 2491 meam.
510 2435 566 2492 Est
591 2438 673 2492 enim
697 2432 846 2490 adductus
868 2432 907 2490 ad
929 2451 980 2490 me
1004 2438 1035 2490 in

129 2548 311 2616 perpetuum
336 2541 488 2617 relegatus
512 2540 589 2598 lulio
614 2540 704 2598 Basso
727 2538 914 2615 proconsule.
959 2539 1036 2616 Ego,

97 2699 100 2704 .
129 2651 200 2723 quia
221 2650 352 2706 sciebam
366 2656 434 2706 acta
449 2648 531 2706 Bassi
553 2653 677 2707 rescissa
697 2647 864 2723 datumque
886 2667 905 2703 a
926 2657 1035 2706 senatu

130 2757 176 2808 ius
198 2756 346 2824 omnibus,
361 2754 400 2812 de
415 2757 524 2832 quibus
549 2754 600 2811 ille
621 2753 735 2830 aliquid
757 2756 976 2825 constituisset,
998 2775 1034 2811 ex

380 2883 389 2914 ¹
406 2885 434 2933 in
445 2886 508 2933 adri.
522 2884 619 2947 Gieriffi
633 2884 744 2944 mma,
760 2884 794 2934 K.

292 3009 305 3031 ⁶
322 3000 465 3048 Proconsul
476 3001 504 3049 of
515 3001 643 3064 Bithynia
658 3002 769 3050 108-110
780 3014 835 3049 an.

293 3065 303 3098 θ
320 3063 463 3113 Proconsul
475 3066 575 3114 98A.1›.
612 3064 662 3116 See
673 3067 708 3114 iv.
722 3067 747 3125 9,
763 3065 797 3114 vi.
811 3065 851 3115 29.

131 3159 189 3232 34⁶
