<?xml version="1.0" encoding="UTF-8"?>
<!DOCTYPE html PUBLIC "-//W3C//DTD XHTML 1.0 Transitional//EN"
    "http://www.w3.org/TR/xhtml1/DTD/xhtml1-transitional.dtd">
<html xmlns="http://www.w3.org/1999/xhtml" xml:lang="en" lang="en">
 <head>
  <title>
</title>
<meta http-equiv="Content-Type" content="text/html;charset=utf-8" />
  <meta name='ocr-system' content='tesseract 3.04.00' />
  <meta name='ocr-capabilities' content='ocr_page ocr_carea ocr_par ocr_line ocrx_word'/>
</head>
<body>
  <div class='ocr_page' id='page_1' title='image "./letters01hutcgoog_0182.png"; bbox 0 0 2178 3436; ppageno 0'>
   <div class='ocr_carea' id='block_1_1' title="bbox 352 241 896 302">
    <p class='ocr_par' dir='ltr' id='par_1_1' title="bbox 352 241 896 302">
     <span class='ocr_line' id='line_1_1' title="bbox 352 241 896 302; baseline -0.006 -2"><span class='ocrx_word' id='word_1_1' title='bbox 352 243 441 300; x_wconf 88' lang='lat' dir='ltr'><strong>THE</strong></span> <span class='ocrx_word' id='word_1_2' title='bbox 471 243 654 302; x_wconf 83' lang='lat' dir='ltr'>LETTERS</span> <span class='ocrx_word' id='word_1_3' title='bbox 684 243 738 300; x_wconf 88' lang='lat' dir='ltr'><strong>OF</strong></span> <span class='ocrx_word' id='word_1_4' title='bbox 771 241 896 298; x_wconf 92' lang='lat' dir='ltr'>PLINY</span> 
     </span>
    </p>
   </div>
   <div class='ocr_carea' id='block_1_2' title="bbox 604 452 712 510">
    <p class='ocr_par' dir='ltr' id='par_1_2' title="bbox 604 452 712 510">
     <span class='ocr_line' id='line_1_2' title="bbox 604 452 712 510; baseline -0.009 0"><span class='ocrx_word' id='word_1_5' title='bbox 604 452 712 510; x_wconf 87' lang='lat' dir='ltr'>XXIII</span> 
     </span>
    </p>
   </div>
   <div class='ocr_carea' id='block_1_3' title="bbox 298 584 894 658">
    <p class='ocr_par' dir='ltr' id='par_1_3' title="bbox 298 584 894 658">
     <span class='ocr_line' id='line_1_3' title="bbox 298 584 894 658; baseline -0.003 -15"><span class='ocrx_word' id='word_1_6' title='bbox 298 651 301 658; x_wconf 69' lang='lat'><strong>.</strong></span> <span class='ocrx_word' id='word_1_7' title='bbox 358 586 390 644; x_wconf 88' lang='lat' dir='ltr'><strong>C.</strong></span> <span class='ocrx_word' id='word_1_8' title='bbox 415 587 537 645; x_wconf 76' lang='lat' dir='ltr'><strong>Pennus</strong></span> <span class='ocrx_word' id='word_1_9' title='bbox 559 585 759 644; x_wconf 75' lang='lat' dir='ltr'><strong>Maacutmno</strong></span> <span class='ocrx_word' id='word_1_10' title='bbox 781 585 842 643; x_wconf 90' lang='lat' dir='ltr'><strong>Suo</strong></span> <span class='ocrx_word' id='word_1_11' title='bbox 866 584 894 643; x_wconf 91' lang='lat' dir='ltr'><strong>S.</strong></span> 
     </span>
    </p>
   </div>
   <div class='ocr_carea' id='block_1_4' title="bbox 176 665 1074 1426">
    <p class='ocr_par' dir='ltr' id='par_1_4' title="bbox 176 665 1074 1426">
     <span class='ocr_line' id='line_1_4' title="bbox 217 665 1074 790; baseline 0.005 -14"><span class='ocrx_word' id='word_1_12' title='bbox 217 719 323 776; x_wconf 79' lang='lat' dir='ltr'><strong>Onnra</strong></span> <span class='ocrx_word' id='word_1_13' title='bbox 337 718 412 775; x_wconf 93' lang='lat' dir='ltr'><strong>mibi</strong></span> <span class='ocrx_word' id='word_1_14' title='bbox 427 718 536 790; x_wconf 90' lang='lat' dir='ltr'><strong>studia,</strong></span> <span class='ocrx_word' id='word_1_15' title='bbox 552 737 657 776; x_wconf 90' lang='lat' dir='ltr'><strong>omnes</strong></span> <span class='ocrx_word' id='word_1_16' title='bbox 667 737 762 788; x_wconf 87' lang='lat' dir='ltr'><strong>curas,</strong></span> <span class='ocrx_word' id='word_1_17' title='bbox 777 721 878 775; x_wconf 85' lang='lat' dir='ltr'><strong>omnia</strong></span> <span class='ocrx_word' id='word_1_18' title='bbox 885 665 1074 780; x_wconf 65' lang='lat' dir='ltr'><strong>avocamend</strong></span> 
     </span>
     <span class='ocr_line' id='line_1_5' title="bbox 176 804 1074 902; baseline 0 -20"><span class='ocrx_word' id='word_1_19' title='bbox 176 829 299 895; x_wconf 85' lang='lat' dir='ltr'><strong>exemit,</strong></span> <span class='ocrx_word' id='word_1_20' title='bbox 315 829 456 896; x_wconf 85' lang='lat' dir='ltr'><strong>excussit,</strong></span> <span class='ocrx_word' id='word_1_21' title='bbox 477 829 590 902; x_wconf 91' lang='lat' dir='ltr'><strong>eripuit</strong></span> <span class='ocrx_word' id='word_1_22' title='bbox 609 824 706 896; x_wconf 88' lang='lat' dir='ltr'><strong>dolor,</strong></span> <span class='ocrx_word' id='word_1_23' title='bbox 726 845 818 902; x_wconf 90' lang='lat' dir='ltr'><strong>quem</strong></span> <span class='ocrx_word' id='word_1_24' title='bbox 839 845 876 883; x_wconf 87' lang='lat' dir='ltr'><strong>ex</strong></span> <span class='ocrx_word' id='word_1_25' title='bbox 890 804 991 884; x_wconf 86' lang='lat' dir='ltr'><strong>morte</strong></span> <span class='ocrx_word' id='word_1_26' title='bbox 1016 815 1074 882; x_wconf 77' lang='lat' dir='ltr'><strong>Iuni</strong></span> 
     </span>
     <span class='ocr_line' id='line_1_6' title="bbox 177 933 1074 1010; baseline 0 -21"><span class='ocrx_word' id='word_1_27' title='bbox 177 933 261 990; x_wconf 88' lang='lat' dir='ltr'><strong>Aviti</strong></span> <span class='ocrx_word' id='word_1_28' title='bbox 295 937 503 1010; x_wconf 85' lang='lat' dir='ltr'><strong>gravissimum</strong></span> <span class='ocrx_word' id='word_1_29' title='bbox 531 937 607 1010; x_wconf 75' lang='lat' dir='ltr'><strong>cepi,</strong></span> <span class='ocrx_word' id='word_1_30' title='bbox 651 933 762 991; x_wconf 92' lang='lat' dir='ltr'><strong>Latum</strong></span> <span class='ocrx_word' id='word_1_31' title='bbox 787 933 904 991; x_wconf 89' lang='lat' dir='ltr'><strong>clavum</strong></span> <span class='ocrx_word' id='word_1_32' title='bbox 931 938 965 990; x_wconf 92' lang='lat' dir='ltr'><strong>in</strong></span> <span class='ocrx_word' id='word_1_33' title='bbox 992 934 1074 998; x_wconf 81' lang='lat' dir='ltr'><strong>domo</strong></span> 
     </span>
     <span class='ocr_line' id='line_1_7' title="bbox 176 1039 1074 1116; baseline -0.002 -20"><span class='ocrx_word' id='word_1_34' title='bbox 176 1058 245 1096; x_wconf 88' lang='lat' dir='ltr'><strong>mea</strong></span> <span class='ocrx_word' id='word_1_35' title='bbox 272 1039 425 1111; x_wconf 88' lang='lat' dir='ltr'><strong>induerat,</strong></span> <span class='ocrx_word' id='word_1_36' title='bbox 453 1039 593 1116; x_wconf 85' lang='lat' dir='ltr'><strong>suffragio</strong></span> <span class='ocrx_word' id='word_1_37' title='bbox 627 1058 696 1099; x_wconf 91' lang='lat' dir='ltr'><strong>meo</strong></span> <span class='ocrx_word' id='word_1_38' title='bbox 724 1039 845 1097; x_wconf 86' lang='lat' dir='ltr'><strong>adiutus</strong></span> <span class='ocrx_word' id='word_1_39' title='bbox 878 1044 910 1096; x_wconf 95' lang='lat' dir='ltr'><strong>in</strong></span> <span class='ocrx_word' id='word_1_40' title='bbox 940 1039 1074 1116; x_wconf 69' lang='lat' dir='ltr'><strong>petendi!</strong></span> 
     </span>
     <span class='ocr_line' id='line_1_8' title="bbox 176 1144 1074 1223; baseline -0.001 -21"><span class='ocrx_word' id='word_1_41' title='bbox 176 1145 341 1204; x_wconf 85' lang='lat' dir='ltr'><strong>honorIbus</strong></span> <span class='ocrx_word' id='word_1_42' title='bbox 364 1145 475 1218; x_wconf 82' lang='lat' dir='ltr'><strong>fuerat,</strong></span> <span class='ocrx_word' id='word_1_43' title='bbox 497 1147 536 1204; x_wconf 91' lang='lat' dir='ltr'><strong>ad</strong></span> <span class='ocrx_word' id='word_1_44' title='bbox 555 1146 613 1204; x_wconf 89' lang='lat' dir='ltr'><strong>hoc</strong></span> <span class='ocrx_word' id='word_1_45' title='bbox 634 1150 677 1204; x_wconf 85' lang='lat' dir='ltr'><strong>ita</strong></span> <span class='ocrx_word' id='word_1_46' title='bbox 695 1166 745 1204; x_wconf 93' lang='lat' dir='ltr'><strong>me</strong></span> <span class='ocrx_word' id='word_1_47' title='bbox 762 1144 921 1223; x_wconf 86' lang='lat' dir='ltr'><strong>diligebat,</strong></span> <span class='ocrx_word' id='word_1_48' title='bbox 940 1150 985 1203; x_wconf 84' lang='lat' dir='ltr'><strong>ita</strong></span> <span class='ocrx_word' id='word_1_49' title='bbox 999 1165 1074 1202; x_wconf 91' lang='lat' dir='ltr'><strong>vere-</strong></span> 
     </span>
     <span class='ocr_line' id='line_1_9' title="bbox 177 1253 1074 1329; baseline -0.002 -19"><span class='ocrx_word' id='word_1_50' title='bbox 177 1254 276 1323; x_wconf 85' lang='lat' dir='ltr'>batur,</span> <span class='ocrx_word' id='word_1_51' title='bbox 299 1262 335 1312; x_wconf 94' lang='lat' dir='ltr'><strong>ut</strong></span> <span class='ocrx_word' id='word_1_52' title='bbox 357 1273 406 1310; x_wconf 91' lang='lat' dir='ltr'><strong>me</strong></span> <span class='ocrx_word' id='word_1_53' title='bbox 425 1253 588 1311; x_wconf 85' lang='lat' dir='ltr'><strong>formatore</strong></span> <span class='ocrx_word' id='word_1_54' title='bbox 607 1271 734 1323; x_wconf 89' lang='lat' dir='ltr'><strong>morum,</strong></span> <span class='ocrx_word' id='word_1_55' title='bbox 757 1271 807 1310; x_wconf 91' lang='lat' dir='ltr'><strong>me</strong></span> <span class='ocrx_word' id='word_1_56' title='bbox 829 1256 915 1329; x_wconf 87' lang='lat' dir='ltr'><strong>quasi</strong></span> <span class='ocrx_word' id='word_1_57' title='bbox 938 1257 1074 1328; x_wconf 80' lang='lat' dir='ltr'><strong>magistro</strong></span> 
     </span>
     <span class='ocr_line' id='line_1_10' title="bbox 178 1355 1074 1426; baseline -0.002 -9"><span class='ocrx_word' id='word_1_58' title='bbox 178 1368 325 1418; x_wconf 88' lang='lat' dir='ltr'><strong>uteretur.</strong></span> <span class='ocrx_word' id='word_1_59' title='bbox 358 1361 468 1417; x_wconf 88' lang='lat' dir='ltr'><strong>Rarum</strong></span> <span class='ocrx_word' id='word_1_60' title='bbox 483 1359 583 1417; x_wconf 91' lang='lat' dir='ltr'><strong>hocin</strong></span> <span class='ocrx_word' id='word_1_61' title='bbox 597 1358 844 1417; x_wconf 84' lang='lat' dir='ltr'><strong>adulescentibus</strong></span> <span class='ocrx_word' id='word_1_62' title='bbox 858 1363 977 1417; x_wconf 83' lang='lat' dir='ltr'><strong>nostris</strong></span> <span class='ocrx_word' id='word_1_63' title='bbox 1004 1355 1074 1426; x_wconf 74' lang='lat' dir='ltr'><strong>Nani</strong></span> 
     </span>
    </p>
   </div>
   <div class='ocr_carea' id='block_1_5' title="bbox 179 1465 1074 1704">
    <p class='ocr_par' dir='ltr' id='par_1_5' title="bbox 179 1465 1074 1704">
     <span class='ocr_line' id='line_1_11' title="bbox 179 1465 1074 1544; baseline -0.003 -21"><span class='ocrx_word' id='word_1_64' title='bbox 179 1471 418 1544; x_wconf 88' lang='lat' dir='ltr'><strong>quotusquisque</strong></span> <span class='ocrx_word' id='word_1_65' title='bbox 441 1467 490 1524; x_wconf 92' lang='lat' dir='ltr'><strong>veI</strong></span> <span class='ocrx_word' id='word_1_66' title='bbox 515 1471 610 1525; x_wconf 87' lang='lat' dir='ltr'><strong>aetati</strong></span> <span class='ocrx_word' id='word_1_67' title='bbox 632 1465 757 1524; x_wconf 89' lang='lat' dir='ltr'><strong>alterius</strong></span> <span class='ocrx_word' id='word_1_68' title='bbox 782 1466 830 1524; x_wconf 92' lang='lat' dir='ltr'><strong>veI</strong></span> <span class='ocrx_word' id='word_1_69' title='bbox 854 1471 1029 1525; x_wconf 80' lang='lat' dir='ltr'><strong>auctoritati</strong></span> <span class='ocrx_word' id='word_1_70' title='bbox 1047 1471 1074 1528; x_wconf 57' lang='lat' dir='ltr'><strong>ut}</strong></span> 
     </span>
     <span class='ocr_line' id='line_1_12' title="bbox 179 1529 1074 1704; baseline 0.001 -75"><span class='ocrx_word' id='word_1_71' title='bbox 179 1576 279 1629; x_wconf 90' lang='lat' dir='ltr'><strong>minor</strong></span> <span class='ocrx_word' id='word_1_72' title='bbox 297 1573 402 1631; x_wconf 84' lang='lat' dir='ltr'><strong>cedit?</strong></span> <span class='ocrx_word' id='word_1_73' title='bbox 428 1574 538 1632; x_wconf 84' lang='lat' dir='ltr'><strong>Statim</strong></span> <span class='ocrx_word' id='word_1_74' title='bbox 554 1577 685 1649; x_wconf 83' lang='lat' dir='ltr'><strong>sapIunt,</strong></span> <span class='ocrx_word' id='word_1_75' title='bbox 712 1577 815 1646; x_wconf 89' lang='lat' dir='ltr'><strong>statim</strong></span> <span class='ocrx_word' id='word_1_76' title='bbox 843 1577 945 1630; x_wconf 90' lang='lat' dir='ltr'><strong>sciunt</strong></span> <span class='ocrx_word' id='word_1_77' title='bbox 972 1529 1074 1704; x_wconf 42' lang='lat' dir='ltr'><strong>(mid</strong></span> 
     </span>
    </p>
   </div>
   <div class='ocr_carea' id='block_1_6' title="bbox 175 1680 1073 2612">
    <p class='ocr_par' dir='ltr' id='par_1_6' title="bbox 178 1680 1073 1865">
     <span class='ocr_line' id='line_1_13' title="bbox 178 1680 1073 1757; baseline -0.001 -21"><span class='ocrx_word' id='word_1_78' title='bbox 178 1683 332 1738; x_wconf 91' lang='lat' dir='ltr'><strong>neminem</strong></span> <span class='ocrx_word' id='word_1_79' title='bbox 347 1689 499 1753; x_wconf 90' lang='lat' dir='ltr'><strong>verentur,</strong></span> <span class='ocrx_word' id='word_1_80' title='bbox 508 1685 667 1738; x_wconf 88' lang='lat' dir='ltr'><strong>imitantur</strong></span> <span class='ocrx_word' id='word_1_81' title='bbox 680 1684 834 1738; x_wconf 88' lang='lat' dir='ltr'><strong>neminem</strong></span> <span class='ocrx_word' id='word_1_82' title='bbox 848 1687 941 1757; x_wconf 88' lang='lat' dir='ltr'><strong>atque</strong></span> <span class='ocrx_word' id='word_1_83' title='bbox 955 1684 1012 1756; x_wconf 93' lang='lat' dir='ltr'><strong>ipsi</strong></span> <span class='ocrx_word' id='word_1_84' title='bbox 1026 1680 1073 1750; x_wconf 74' lang='lat' dir='ltr'><strong>sibi</strong></span> 
     </span>
     <span class='ocr_line' id='line_1_14' title="bbox 180 1787 413 1865; baseline -0.004 -20"><span class='ocrx_word' id='word_1_85' title='bbox 180 1787 319 1865; x_wconf 86' lang='lat' dir='ltr'><strong>exempla</strong></span> <span class='ocrx_word' id='word_1_86' title='bbox 333 1795 413 1846; x_wconf 89' lang='lat' dir='ltr'><strong>sunt.</strong></span> 
     </span>
    </p>

    <p class='ocr_par' dir='ltr' id='par_1_7' title="bbox 175 1893 1072 2507">
     <span class='ocr_line' id='line_1_15' title="bbox 220 1893 1072 1970; baseline 0.001 -19"><span class='ocrx_word' id='word_1_87' title='bbox 220 1893 281 1951; x_wconf 91' lang='lat' dir='ltr'><strong>Sed</strong></span> <span class='ocrx_word' id='word_1_88' title='bbox 303 1914 365 1951; x_wconf 93' lang='lat' dir='ltr'><strong>non</strong></span> <span class='ocrx_word' id='word_1_89' title='bbox 390 1895 509 1965; x_wconf 84' lang='lat' dir='ltr'><strong>Avitus,</strong></span> <span class='ocrx_word' id='word_1_90' title='bbox 532 1898 616 1951; x_wconf 90' lang='lat' dir='ltr'><strong>cuius</strong></span> <span class='ocrx_word' id='word_1_91' title='bbox 633 1893 708 1951; x_wconf 91' lang='lat' dir='ltr'><strong>haec</strong></span> <span class='ocrx_word' id='word_1_92' title='bbox 727 1898 888 1970; x_wconf 89' lang='lat' dir='ltr'><strong>praecipua</strong></span> <span class='ocrx_word' id='word_1_93' title='bbox 909 1894 1072 1969; x_wconf 75' lang='lat' dir='ltr'><strong>prudentia,</strong></span> 
     </span>
     <span class='ocr_line' id='line_1_16' title="bbox 178 1999 1069 2078; baseline -0.004 -20"><span class='ocrx_word' id='word_1_94' title='bbox 178 2000 259 2078; x_wconf 91' lang='lat' dir='ltr'><strong>quod</strong></span> <span class='ocrx_word' id='word_1_95' title='bbox 279 2000 352 2058; x_wconf 88' lang='lat' dir='ltr'><strong>alios</strong></span> <span class='ocrx_word' id='word_1_96' title='bbox 371 2001 584 2078; x_wconf 87' lang='lat' dir='ltr'><strong>prudentiores</strong></span> <span class='ocrx_word' id='word_1_97' title='bbox 604 2001 816 2071; x_wconf 84' lang='lat' dir='ltr'><strong>arbitrabatur,</strong></span> <span class='ocrx_word' id='word_1_98' title='bbox 831 1999 905 2058; x_wconf 87' lang='lat' dir='ltr'><strong>haec</strong></span> <span class='ocrx_word' id='word_1_99' title='bbox 920 2005 1069 2078; x_wconf 82' lang='lat' dir='ltr'><strong>praecipua</strong></span> 
     </span>
     <span class='ocr_line' id='line_1_17' title="bbox 178 2107 1068 2186; baseline -0.004 -20"><span class='ocrx_word' id='word_1_100' title='bbox 178 2109 319 2179; x_wconf 90' lang='lat' dir='ltr'><strong>eruditio,</strong></span> <span class='ocrx_word' id='word_1_101' title='bbox 344 2107 425 2186; x_wconf 93' lang='lat' dir='ltr'><strong>quod</strong></span> <span class='ocrx_word' id='word_1_102' title='bbox 448 2107 565 2178; x_wconf 88' lang='lat' dir='ltr'><strong>discere</strong></span> <span class='ocrx_word' id='word_1_103' title='bbox 588 2108 717 2166; x_wconf 89' lang='lat' dir='ltr'><strong>volebat.</strong></span> <span class='ocrx_word' id='word_1_104' title='bbox 761 2107 889 2185; x_wconf 87' lang='lat' dir='ltr'><strong>Semper</strong></span> <span class='ocrx_word' id='word_1_105' title='bbox 905 2107 957 2166; x_wconf 91' lang='lat' dir='ltr'><strong>iIIe</strong></span> <span class='ocrx_word' id='word_1_106' title='bbox 974 2117 1026 2166; x_wconf 88' lang='lat' dir='ltr'><strong>aut</strong></span> <span class='ocrx_word' id='word_1_107' title='bbox 1039 2107 1068 2164; x_wconf 84' lang='lat' dir='ltr'><strong>de</strong></span> 
     </span>
     <span class='ocr_line' id='line_1_18' title="bbox 177 2215 1057 2293; baseline -0.002 -19"><span class='ocrx_word' id='word_1_108' title='bbox 177 2216 284 2274; x_wconf 89' lang='lat' dir='ltr'><strong>studiis</strong></span> <span class='ocrx_word' id='word_1_109' title='bbox 298 2215 412 2293; x_wconf 89' lang='lat' dir='ltr'><strong>aliquid</strong></span> <span class='ocrx_word' id='word_1_110' title='bbox 426 2223 480 2273; x_wconf 91' lang='lat' dir='ltr'><strong>aut</strong></span> <span class='ocrx_word' id='word_1_111' title='bbox 493 2215 533 2274; x_wconf 97' lang='lat' dir='ltr'><strong>de</strong></span> <span class='ocrx_word' id='word_1_112' title='bbox 547 2215 650 2273; x_wconf 87' lang='lat' dir='ltr'><strong>officiis</strong></span> <span class='ocrx_word' id='word_1_113' title='bbox 664 2220 745 2274; x_wconf 89' lang='lat' dir='ltr'><strong>vitae</strong></span> <span class='ocrx_word' id='word_1_114' title='bbox 759 2215 946 2286; x_wconf 85' lang='lat' dir='ltr'><strong>consulebat,</strong></span> <span class='ocrx_word' id='word_1_115' title='bbox 961 2235 1057 2292; x_wconf 87' lang='lat' dir='ltr'><strong>sempe</strong></span> 
     </span>
     <span class='ocr_line' id='line_1_19' title="bbox 175 2323 1067 2390; baseline -0.002 -11"><span class='ocrx_word' id='word_1_116' title='bbox 175 2327 219 2380; x_wconf 87' lang='lat' dir='ltr'><strong>ita</strong></span> <span class='ocrx_word' id='word_1_117' title='bbox 233 2323 397 2382; x_wconf 87' lang='lat' dir='ltr'><strong>recedebat</strong></span> <span class='ocrx_word' id='word_1_118' title='bbox 419 2331 454 2381; x_wconf 94' lang='lat' dir='ltr'><strong>ut</strong></span> <span class='ocrx_word' id='word_1_119' title='bbox 473 2323 580 2381; x_wconf 90' lang='lat' dir='ltr'><strong>melior</strong></span> <span class='ocrx_word' id='word_1_120' title='bbox 594 2323 692 2380; x_wconf 88' lang='lat' dir='ltr'><strong>factus</strong></span> <span class='ocrx_word' id='word_1_121' title='bbox 712 2330 744 2380; x_wconf 88' lang='lat' dir='ltr'><strong>et</strong></span> <span class='ocrx_word' id='word_1_122' title='bbox 766 2332 832 2382; x_wconf 89' lang='lat' dir='ltr'><strong>erat</strong></span> <span class='ocrx_word' id='word_1_123' title='bbox 847 2323 947 2382; x_wconf 86' lang='lat' dir='ltr'><strong>factus</strong></span> <span class='ocrx_word' id='word_1_124' title='bbox 963 2325 1011 2381; x_wconf 92' lang='lat' dir='ltr'><strong>vel</strong></span> <span class='ocrx_word' id='word_1_125' title='bbox 1032 2344 1067 2390; x_wconf 87' lang='lat' dir='ltr'><strong>eo,</strong></span> 
     </span>
     <span class='ocr_line' id='line_1_20' title="bbox 175 2429 908 2507; baseline 0.004 -20"><span class='ocrx_word' id='word_1_126' title='bbox 175 2429 257 2506; x_wconf 93' lang='lat' dir='ltr'><strong>quod</strong></span> <span class='ocrx_word' id='word_1_127' title='bbox 270 2430 418 2500; x_wconf 87' lang='lat' dir='ltr'><strong>audierat,</strong></span> <span class='ocrx_word' id='word_1_128' title='bbox 433 2429 481 2487; x_wconf 88' lang='lat' dir='ltr'><strong>vel</strong></span> <span class='ocrx_word' id='word_1_129' title='bbox 496 2430 577 2507; x_wconf 92' lang='lat' dir='ltr'><strong>quod</strong></span> <span class='ocrx_word' id='word_1_130' title='bbox 592 2434 715 2487; x_wconf 89' lang='lat' dir='ltr'><strong>omnino</strong></span> <span class='ocrx_word' id='word_1_131' title='bbox 730 2434 908 2507; x_wconf 87' lang='lat' dir='ltr'><strong>quaesierat.</strong></span> 
     </span>
    </p>

    <p class='ocr_par' dir='ltr' id='par_1_8' title="bbox 216 2534 1061 2612">
     <span class='ocr_line' id='line_1_21' title="bbox 216 2534 1061 2612; baseline 0 -20"><span class='ocrx_word' id='word_1_132' title='bbox 216 2534 307 2607; x_wconf 86' lang='lat' dir='ltr'><strong>Quod</strong></span> <span class='ocrx_word' id='word_1_133' title='bbox 329 2535 382 2592; x_wconf 91' lang='lat' dir='ltr'><strong>ille</strong></span> <span class='ocrx_word' id='word_1_134' title='bbox 405 2535 583 2612; x_wconf 90' lang='lat' dir='ltr'><strong>obsequium</strong></span> <span class='ocrx_word' id='word_1_135' title='bbox 605 2535 759 2607; x_wconf 85' lang='lat' dir='ltr'><strong>Serviano,</strong></span> <span class='ocrx_word' id='word_1_136' title='bbox 788 2540 979 2594; x_wconf 87' lang='lat' dir='ltr'><strong>exactissimo</strong></span> <span class='ocrx_word' id='word_1_137' title='bbox 1007 2541 1061 2594; x_wconf 83' lang='lat' dir='ltr'><strong>vIro</strong></span> 
     </span>
    </p>
   </div>
   <div class='ocr_carea' id='block_1_7' title="bbox 174 2643 1063 3018">
    <p class='ocr_par' dir='ltr' id='par_1_9' title="bbox 174 2643 1063 3018">
     <span class='ocr_line' id='line_1_22' title="bbox 174 2643 1056 2721; baseline 0 -21"><span class='ocrx_word' id='word_1_138' title='bbox 174 2645 344 2720; x_wconf 85' lang='lat' dir='ltr'><strong>praestitit!</strong></span> <span class='ocrx_word' id='word_1_139' title='bbox 370 2663 464 2721; x_wconf 90' lang='lat' dir='ltr'><strong>quem</strong></span> <span class='ocrx_word' id='word_1_140' title='bbox 486 2643 624 2720; x_wconf 88' lang='lat' dir='ltr'><strong>legatum</strong></span> <span class='ocrx_word' id='word_1_141' title='bbox 649 2645 789 2702; x_wconf 88' lang='lat' dir='ltr'><strong>tribunus</strong></span> <span class='ocrx_word' id='word_1_142' title='bbox 817 2648 860 2701; x_wconf 85' lang='lat' dir='ltr'><strong>ita</strong></span> <span class='ocrx_word' id='word_1_143' title='bbox 879 2652 912 2702; x_wconf 92' lang='lat' dir='ltr'><strong>et</strong></span> <span class='ocrx_word' id='word_1_144' title='bbox 925 2644 1056 2703; x_wconf 88' lang='lat' dir='ltr'><strong>intellex&#39;</strong></span> 
     </span>
     <span class='ocr_line' id='line_1_23' title="bbox 175 2741 1043 2819; baseline 0.002 -20"><span class='ocrx_word' id='word_1_145' title='bbox 175 2750 207 2801; x_wconf 90' lang='lat' dir='ltr'><strong>et</strong></span> <span class='ocrx_word' id='word_1_146' title='bbox 222 2746 313 2819; x_wconf 91' lang='lat' dir='ltr'><strong>cepit,</strong></span> <span class='ocrx_word' id='word_1_147' title='bbox 328 2750 362 2800; x_wconf 96' lang='lat' dir='ltr'><strong>ut</strong></span> <span class='ocrx_word' id='word_1_148' title='bbox 384 2761 421 2799; x_wconf 87' lang='lat' dir='ltr'><strong>ex</strong></span> <span class='ocrx_word' id='word_1_149' title='bbox 443 2741 607 2800; x_wconf 90' lang='lat' dir='ltr'><strong>Germania</strong></span> <span class='ocrx_word' id='word_1_150' title='bbox 621 2747 653 2798; x_wconf 93' lang='lat' dir='ltr'><strong>in</strong></span> <span class='ocrx_word' id='word_1_151' title='bbox 669 2742 855 2799; x_wconf 88' lang='lat' dir='ltr'><strong>Pannoniam</strong></span> <span class='ocrx_word' id='word_1_152' title='bbox 868 2750 1043 2802; x_wconf 88' lang='lat' dir='ltr'><strong>transeunte</strong></span> 
     </span>
     <span class='ocr_line' id='line_1_24' title="bbox 175 2839 1052 2919; baseline 0.002 -23"><span class='ocrx_word' id='word_1_153' title='bbox 175 2860 236 2896; x_wconf 92' lang='lat' dir='ltr'><strong>non</strong></span> <span class='ocrx_word' id='word_1_154' title='bbox 274 2849 310 2898; x_wconf 90' lang='lat' dir='ltr'><strong>ut</strong></span> <span class='ocrx_word' id='word_1_155' title='bbox 348 2840 524 2912; x_wconf 88' lang='lat' dir='ltr'><strong>commilito,</strong></span> <span class='ocrx_word' id='word_1_156' title='bbox 560 2839 615 2898; x_wconf 91' lang='lat' dir='ltr'><strong>sed</strong></span> <span class='ocrx_word' id='word_1_157' title='bbox 653 2849 689 2899; x_wconf 91' lang='lat' dir='ltr'><strong>ut</strong></span> <span class='ocrx_word' id='word_1_158' title='bbox 718 2861 819 2899; x_wconf 91' lang='lat' dir='ltr'><strong>comes</strong></span> <span class='ocrx_word' id='word_1_159' title='bbox 846 2841 1052 2919; x_wconf 89' lang='lat' dir='ltr'><strong>adsectatorqu</strong></span> 
     </span>
     <span class='ocr_line' id='line_1_25' title="bbox 175 2937 1063 3018; baseline 0.001 -25"><span class='ocrx_word' id='word_1_160' title='bbox 175 2947 362 3014; x_wconf 87' lang='lat' dir='ltr'><strong>sequeretur.</strong></span> <span class='ocrx_word' id='word_1_161' title='bbox 406 2937 475 3010; x_wconf 86' lang='lat' dir='ltr'><strong>Qua</strong></span> <span class='ocrx_word' id='word_1_162' title='bbox 499 2939 658 3010; x_wconf 89' lang='lat' dir='ltr'><strong>industria,</strong></span> <span class='ocrx_word' id='word_1_163' title='bbox 681 2959 740 3017; x_wconf 91' lang='lat' dir='ltr'><strong>qua</strong></span> <span class='ocrx_word' id='word_1_164' title='bbox 764 2939 913 2998; x_wconf 88' lang='lat' dir='ltr'><strong>modestia</strong></span> <span class='ocrx_word' id='word_1_165' title='bbox 937 2950 1063 3018; x_wconf 85' lang='lat' dir='ltr'><strong>quaestor</strong></span> 
     </span>
    </p>
   </div>
   <div class='ocr_carea' id='block_1_8' title="bbox 537 3095 716 3144">
    <p class='ocr_par' dir='ltr' id='par_1_10' title="bbox 537 3095 716 3144">
     <span class='ocr_line' id='line_1_26' title="bbox 537 3095 716 3144; baseline 0.011 -2"><span class='ocrx_word' id='word_1_166' title='bbox 537 3103 549 3126; x_wconf 82' lang='lat'><strong>‘⁴</strong></span> <span class='ocrx_word' id='word_1_167' title='bbox 567 3095 594 3143; x_wconf 82' lang='lat' dir='ltr'><strong>ii.</strong></span> <span class='ocrx_word' id='word_1_168' title='bbox 647 3099 716 3144; x_wconf 88' lang='lat' dir='ltr'><strong>note.</strong></span> 
     </span>
    </p>
   </div>
   <div class='ocr_carea' id='block_1_9' title="bbox 181 3186 237 3256">
    <p class='ocr_par' dir='ltr' id='par_1_11' title="bbox 181 3186 237 3256">
     <span class='ocr_line' id='line_1_27' title="bbox 181 3186 237 3256; baseline -0.018 -15"><span class='ocrx_word' id='word_1_169' title='bbox 181 3186 237 3256; x_wconf 89' lang='lat'><strong>164</strong></span> 
     </span>
    </p>
   </div>
   <div class='ocr_carea' id='block_1_10' title="bbox 0 0 1094 3436">
    <p class='ocr_par' dir='ltr' id='par_1_12' title="bbox 0 0 1094 3436">
     <span class='ocr_line' id='line_1_28' title="bbox 0 0 1094 3436; baseline 0 0"><span class='ocrx_word' id='word_1_170' title='bbox 0 0 1094 3436; x_wconf 95' lang='lat' dir='ltr'><strong> </strong></span> 
     </span>
    </p>
   </div>
  </div>
 </body>
</html>
