2162 3438
330 207 419 265 THE
445 209 628 267 LETTERS
654 211 712 268 OF
741 211 871 269 PLINY

577 425 621 482 IX

377 557 408 617 C.
434 557 554 615 Parmos
576 558 687 614 Couoru
710 558 771 617 Suo
794 560 822 617 S.

190 692 289 748 Uurcu
309 691 414 765 probo,
429 691 510 767 quod
532 690 667 766 Pompeii
690 690 849 761 Quintiani
869 699 974 750 morte
998 701 1068 750 tam

148 807 289 863 dolenter
309 804 454 876 adficeris,
470 813 504 862 ut
525 809 625 862 amissi
648 810 807 863 caritatem
829 807 985 866 desiderio
1014 831 1067 866 ex-

148 922 343 993 tendaS,1ron
358 930 393 978 ut
413 922 560 997 plerique,
576 924 627 998 qui
641 929 763 979 tantum
782 925 919 980 viventes
943 935 1075 1008 amant}

149 1058 202 1095 seu
216 1042 317 1114 potius
331 1056 478 1094 amare-se
494 1037 638 1094 simulant
651 1057 686 1094 ae
700 1058 740 1095 ne
755 1039 900 1097 simulant
920 1041 1075 1117 quidem}

149 1157 207 1210 nisi
222 1172 296 1229 quos
311 1152 453 1209 florentes
464 1152 577 1209 vident.
609 1153 687 1210 Nam
698 1158 877 1211 miserorum
892 1174 955 1212 non
971 1176 1066 1214 secus

148 1289 183 1326 ao
212 1266 426 1325 defunctorum
454 1268 679 1326 obliviscuntur.
723 1269 785 1326 Sed
819 1271 875 1326 tibi
911 1277 1066 1345 perennis

148 1382 222 1440 fides
237 1390 384 1459 tantaque
398 1387 431 1438 in
445 1402 545 1439 amore
568 1387 748 1455 constantia,
763 1392 798 1441 ut
820 1384 896 1440 finiri
918 1389 980 1442 nisi
1011 1397 1075 1446 tua

147 1508 245 1557 morte
274 1519 334 1554 non
363 1503 466 1575 possit.
510 1498 551 1555 Et
578 1499 702 1557 hercule
727 1504 752 1558 is
775 1499 840 1563 fuit¹
859 1502 1065 1573 Quintianus,

149 1634 240 1690 quem
256 1614 342 1690 diligi
356 1615 465 1674 deceat
486 1619 578 1691 ipsius
594 1616 741 1692 exemplo.
786 1616 902 1674 Felices
923 1622 1065 1690 amabat,

149 1735 273 1788 miseros
309 1732 462 1801 tuebatur,
499 1731 691 1789 desiderabat
724 1737 855 1789 amissos,
899 1733 967 1789 Iam
1012 1736 1065 1793 illa

150 1858 264 1927 quanta
278 1851 411 1926 probitas
425 1854 457 1906 iu
471 1870 532 1921 ore,
547 1859 660 1927 quanta
674 1855 706 1908 iu
728 1845 866 1909 sermbne
888 1859 1062 1924 cunctatio,

150 1985 240 2041 quam
254 1969 319 2040 pari
332 1964 408 2022 libra
429 1970 560 2040 gravitas
581 1970 786 2045 comitasque!
814 1967 897 2044 quod
917 1969 1063 2026 studium

148 2080 329 2150 litterarum,
354 2080 435 2156 quod
463 2081 625 2138 iudicium!
657 2103 715 2158 qua
737 2086 853 2158 pietate
875 2102 946 2138 cum
969 2083 1063 2142 dissi-

148 2187 275 2243 millimo
296 2194 382 2262 patre
404 2188 540 2244 vivebat!
563 2207 651 2264 quam
675 2209 736 2245 nou
757 2189 897 2246 obstabat
918 2188 976 2260 illi,
1002 2212 1064 2267 quo

151 2298 251 2350 minus
279 2297 323 2348 vir
350 2297 482 2368 optimus
510 2293 675 2366 videretur,
704 2296 785 2372 quod
820 2304 885 2353 erat
919 2301 1063 2372 optimus

147 2399 241 2456 filius!

192 2505 252 2562 Sed
295 2505 368 2581 quid
403 2506 539 2563 dolorem
583 2515 670 2564 tuum
713 2508 876 2565 exulcero?
941 2509 1063 2581 Quam-

147 2632 237 2691 quam
265 2615 307 2669 sic
331 2618 438 2671 amasti
461 2618 612 2685 iuvenem,
635 2624 670 2672 ut
696 2615 751 2672 boe
776 2619 876 2692 potius
899 2636 997 2692 quam
1023 2619 1062 2675 de

148 2718 200 2774 illo
216 2719 296 2774 sileri
311 2719 395 2789 velis,
409 2740 427 2775 a
447 2739 496 2776 me
518 2725 706 2795 praesertim,
721 2727 805 2778 cuius
825 2722 1061 2797 praedicatione

148 2832 237 2899 putas
282 2829 375 2883 vitam
418 2830 482 2883 eius
524 2831 632 2896 ornari,
671 2831 845 2883 memoriam
888 2837 1060 2906 prorogari,

146 2935 303 3006 ipsamque
317 2931 410 2999 illam,
425 2951 484 3008 qua
506 2940 553 2989 est
573 2941 686 3008 raptus.
701 2941 832 2990 aetatem
855 2953 944 3009 posse
967 2941 1059 2996 resti-

147 3041 201 3092 tui.
247 3037 328 3093 Vale.
440 3030 445 3040 ’

153 3163 208 3217 190
