2150 3444
303 211 393 268 THE
421 210 605 271 LETTERS
633 211 689 270 OF
718 211 846 269 PLINY

521 445 622 503 LXIX

1045 548 1046 592 l

164 731 279 788 Dunun
302 737 349 787 est
370 733 529 806 iniungere
555 731 768 786 necessitatem
796 713 1048 802 provincialibusl

121 829 298 906 pontificum
312 828 530 897 adeundarum,
552 830 577 885 si
598 826 739 902 reliquias
760 837 880 882 suorum
904 831 1029 900 propter
1048 834 1049 898 l

121 929 235 1004 aliquas
263 931 356 985 iustas
384 925 486 984 causas
513 924 677 983 transferre
712 945 750 982 ex
778 924 845 981 loco
871 928 905 980 in
937 925 1050 990 aliuml

121 1026 221 1083 locum
249 1025 354 1082 velint.
397 1024 560 1102 Sequenda
588 1043 661 1100 ergo
688 1027 788 1100 potius
809 1023 866 1080 tibi
888 1023 1051 1100 exemplal

122 1131 193 1181 sunt
218 1143 332 1194 eorum,
353 1126 405 1200 qui
429 1126 480 1180 isti
507 1126 678 1199 provinciae
706 1119 916 1197 praefuerunt,
939 1129 976 1179 et
997 1126 1052 1178 erl

121 1242 210 1279 eausa
224 1225 332 1298 cuique
346 1225 389 1279 ita
403 1229 457 1280 aut
470 1221 720 1298 permittendum,
734 1227 788 1278 aut
802 1219 992 1298 negandum.
1052 1221 1053 1228 ’

432 587 587 645 Tauranus
609 585 714 642 Panno

536 1490 621 1548 LXX

304 1635 335 1692 C.
360 1634 481 1691 Pnnnus
501 1633 640 1690 Tannum
663 1632 851 1690 Inrunaroar

163 1774 344 1846 Quasnsurr
365 1775 450 1846 milri,
470 1775 603 1844 domine,
633 1773 742 1831 Prusae
768 1776 818 1831 ubi
846 1785 952 1851 posset
981 1777 1031 1833 ba-

122 1884 247 1954 lineum,
275 1883 357 1960 quod
384 1882 545 1952 indulsisti,
571 1882 645 1953 fieri,
666 1882 781 1958 placuit
802 1882 894 1953 loeus,
915 1889 946 1940 in
971 1905 1031 1962 quo

122 1988 182 2048 fuit
209 1989 370 2067 aliquando
398 1990 515 2060 domus,
537 1996 572 2046 ut
593 1989 694 2061 audio,
713 1989 850 2066 pulchra,
871 2010 955 2048 nunc
976 1991 1031 2050 de-

123 2096 225 2154 formis
266 2099 368 2153 ruinis.
427 2094 484 2153 Per
518 2095 576 2153 hoc
611 2100 693 2153 enim
727 2115 960 2173 consequemur,
997 2107 1032 2155 ut

123 2202 295 2261 foedissima
322 2201 414 2260 facies
442 2205 574 2259 civitatis
602 2209 736 2272 ornetur,
757 2209 851 2278 atque
878 2207 973 2260 etiarn
995 2214 1033 2263 ut

122 2314 186 2386 ipsa
214 2312 319 2368 civitas
347 2309 521 2386 amplietur,
542 2329 601 2366 nec
628 2309 689 2366 ulla
713 2308 849 2366 aedificia
870 2310 1033 2382 tollantur,

123 2416 186 2486 sed,
215 2437 292 2493 quae
321 2424 393 2474 sunt
421 2425 574 2475 vetustate
603 2417 751 2493 sublapsa,
779 2417 976 2475 relaxentur¹
1000 2425 1032 2477 in

122 2525 239 2582 melius.
284 2524 340 2581 Est
373 2531 477 2582 autern
511 2523 600 2581 huius
628 2524 735 2582 domus
770 2524 907 2582 condicio
941 2527 1034 2585 talis:

123 2631 277 2707 legaverat
305 2651 372 2688 eam
400 2631 543 2689 Claudius
565 2631 733 2710 Polyaenus
754 2633 880 2690 Claudio
901 2634 1036 2707 Caesari,

123 2741 310 2815 iusseratque
324 2741 355 2794 in
371 2739 527 2816 peristylio
545 2740 695 2816 templum
716 2743 745 2796 ei
766 2738 840 2811 fieri,
854 2740 972 2819 reliqua
992 2764 1033 2801 ex

124 2841 214 2899 domo
248 2844 348 2900 locari.
392 2844 438 2901 Ex
474 2865 510 2902 ea
545 2845 678 2903 reditum
709 2846 894 2923 aliquamdiu
923 2853 1033 2908 civitas

298 2958 307 2988 ¹
324 2961 523 3021 remansura,
539 2963 640 3022 Harii,
654 2969 810 3028 reparentur
821 2981 846 3013 a.

527 3087 540 3109 ⁰
557 3095 582 3127 x.
595 3079 636 3127 24.

126 3146 184 3221 368
