2162 3438
326 174 415 230 THE
444 172 628 232 LETTERS
657 173 711 232 OF
741 172 866 230 PLINY

144 335 329 402 memoriam,
360 336 408 389 cui
436 335 548 409 gratias
582 351 648 406 ago,
678 329 862 388 adsiduitate
898 339 934 387 et
970 334 1066 405 eopia

145 464 267 522 turbem
302 471 519 542 oneratamque
548 459 580 523 e't
616 468 700 541 quasi
735 483 910 540 oppressam
948 482 1050 538 cogam

145 596 282 672 pluribus
325 596 453 672 singula,
489 597 704 673 posterioribus
745 599 843 672 priora
885 594 1052 652 dimittere.

145 727 229 784 Vale.

375 1144 406 1201 C.
431 1143 552 1200 anrus
574 1143 686 1200 Rusonr
708 1143 770 1202 Suo
791 1143 820 1202 S.

186 1303 354 1362 Sromrrcns
389 1303 499 1378 legisse
533 1310 565 1360 te
594 1307 626 1359 in
660 1302 790 1380 quadam
825 1303 957 1379 epistula
985 1324 1066 1388 mea}

145 1415 265 1468 iussisse
295 1411 473 1486 Verginium
511 1409 622 1467 Rufum
657 1411 779 1468 inscribi
811 1411 949 1488 sepulcro
979 1425 1066 1474 suozi

185 1575 194 1602 ‘
208 1569 269 1626 Hie
283 1572 358 1626 situs
373 1578 420 1627 est
436 1567 540 1640 Rufus,
556 1569 642 1646 pulso
657 1575 708 1647 qui
723 1569 851 1628 Vindice
866 1572 1019 1648 quondam

227 1675 392 1752 Imperium
407 1676 542 1734 adseruit
556 1695 618 1732 non
633 1677 699 1748 sibi,
714 1676 768 1734 sed
782 1677 917 1754 patriae’

147 1834 367 1912 Reprehendis,
402 1835 484 1913 quod
522 1838 652 1905 iusserit,
688 1835 774 1892 addis
815 1840 907 1893 etiam
942 1838 1044 1894 melius

146 1947 319 2020 rectiusque
349 1943 536 2013 Frontinum,
565 1942 646 2019 quod
674 1947 807 2006 vetuerit
835 1947 958 2001 omnino
987 1966 1044 2002 mo-

146 2059 327 2109 numentum
349 2051 405 2108 sibi
430 2049 503 2120 fieri,
529 2069 639 2128 meque
660 2051 699 2107 ad
721 2058 900 2121 extremum,
915 2052 990 2128 quid
1009 2053 1044 2110 de

146 2167 275 2235 utroque
311 2161 450 2227 sentiam,
479 2157 617 2214 consulis.
663 2158 834 2235 Utrumque
862 2157 964 2230 dilexi,
993 2163 1043 2216 mi-

146 2273 229 2322 ratus
250 2285 315 2322 sum
329 2268 434 2340 magis,
449 2284 540 2340 quem
560 2272 594 2321 tu
608 2264 815 2340 reprehendis,
830 2273 922 2343 atque
937 2270 980 2323 ita
993 2271 1043 2324 mi-

147 2383 238 2445 ratuS,
260 2382 295 2432 ut
319 2393 381 2430 non
402 2381 541 2450 putarem
563 2377 635 2431 satis
656 2394 789 2451 unquam
816 2374 930 2432 laudari
950 2395 1043 2452 posse,

147 2486 232 2540 cuius
246 2501 328 2539 nunc
342 2482 416 2538 mihi
432 2481 590 2539 subeunda
604 2480 744 2539 defensio
759 2489 813 2538 est.
850 2481 965 2540 Omnes
980 2504 1043 2561 ego,

147 2592 199 2666 qui
219 2608 364 2665 magnum
377 2587 499 2666 aliquod
520 2587 810 2665 memorandumque
824 2587 971 2660 fecerunt,
985 2611 1042 2648 non

70 2700 73 2710 ¹
147 2697 237 2754 modo
259 2701 356 2766 venia,
375 2715 479 2752 verum
501 2699 593 2753 etiam
617 2695 707 2753 laude
728 2695 918 2771 dignissimos
938 2698 1034 2756 iudico

148 2806 173 2860 si
194 2801 463 2872 immortalitatem,
478 2821 568 2878 quam
589 2822 737 2873 meruere,
753 2811 908 2862 sectantur
928 2809 1041 2864 victuri-

148 2927 208 2984 que
222 2912 352 2966 nominis
369 2907 480 2964 famam
495 2913 642 2985 supremis
657 2913 749 2967 etiam
771 2910 868 2968 titulis
888 2930 1040 2990 prorogare

149 3016 298 3071 nituntur.

151 3123 208 3177 216
