2158 3436
312 195 400 252 THE
429 193 613 252 LETTERS
642 193 696 250 OF
726 191 851 249 PLlNY
936 209 938 214 ·

130 369 222 431 quam
237 373 294 429 ego
316 353 425 409 liberos
447 355 545 428 cupio,
560 351 669 427 quibus
683 350 787 407 videor
801 370 819 405 a
838 368 908 406 meo
922 356 1044 426 tuoque
1072 337 1073 346 ἵ

131 462 228 518 latere
243 479 371 536 pronum
387 458 426 515 ad
441 459 570 515 honores
584 462 644 542 iter
653 465 685 514 et
699 457 802 514 audita
815 456 906 515 latius
915 461 1046 512 nomina

132 575 165 624 et
179 587 240 623 non
255 568 368 624 subitas
383 570 530 642 imagines
545 565 714 634 relicturuS,
729 572 891 621 nascantur
900 563 994 622 modo
1012 573 1047 621 et

132 675 213 732 hunc
227 682 364 731 nostrum
378 673 513 731 dolorem
527 672 638 750 gaudio
656 679 786 729 mutent.
830 671 913 729 Vale.

567 949 611 1005 xi

340 1082 371 1138 C.
389 1081 510 1139 Pnurus
525 1081 697 1138 Hrsruman
712 1080 792 1139 Suara
807 1081 835 1139 S.
1072 1037 1073 1098 l

176 1216 244 1272 Cun
260 1214 402 1272 affectum
423 1222 511 1271 tuum
526 1234 598 1290 erga
613 1213 712 1272 fratris
728 1213 818 1270 filiam
832 1218 933 1290 cogito
949 1220 1048 1273 etiam

133 1331 270 1379 materna
292 1320 484 1398 indulgentia
504 1321 681 1392 molliorem,
704 1322 851 1398 intellego
871 1327 955 1398 prius
977 1325 1048 1394 tibi,

135 1427 216 1506 quod
252 1436 299 1485 est
334 1431 492 1503 posteriuS,
522 1428 735 1497 nuntiandum,
771 1436 805 1486 ut
846 1441 1049 1508 praesumpta

135 1535 252 1592 laetitia
280 1533 475 1592 sollicitudini
503 1534 602 1592 locum
630 1556 692 1591 non
719 1535 878 1613 relinquat.
930 1536 1049 1609 Quam-

135 1661 225 1718 quam
240 1660 353 1711 vereor,
369 1660 408 1698 ne
423 1650 492 1716 post
500 1642 735 1718 gratulationem
746 1663 866 1720 quoque
880 1647 912 1699 in
923 1653 1048 1702 metum

135 1747 242 1806 redeas
256 1755 348 1825 atque
364 1751 407 1805 ita
421 1747 554 1824 gaudeas
568 1747 702 1824 periculo
717 1747 886 1820 liberatam,
897 1756 931 1806 ut
941 1752 1047 1822 simul,

136 1855 217 1934 quod
239 1855 410 1932 periclitata
432 1859 481 1923 sit,
497 1854 714 1930 perhorrescas
759 1854 824 1911 lam
846 1853 961 1927 hilaris,
983 1863 1045 1914 iam

136 1964 202 2033 sibi,
216 1967 275 2019 iarn
296 1962 370 2020 mihi
395 1961 515 2018 reddita
539 1965 646 2039 incipit
669 1961 751 2018 refici
772 1935 1047 2042 transmissumque

136 2072 297 2129 discrimen
340 2069 578 2126 convalescendo
612 2073 721 2126 metiri.
766 2070 836 2127 Fuit
877 2069 991 2148 alioqui
1015 2077 1045 2128 in

136 2189 253 2228 summo
275 2168 457 2237 discrimine,
472 2171 596 2242 impune
619 2167 729 2224 dixisse
753 2169 853 2239 liceat,
875 2167 934 2226 fuit
960 2171 1047 2227 nulla

137 2287 190 2324 sua
213 2267 310 2342 culpa,
325 2269 434 2322 aetatis
456 2265 563 2342 aliqua.
610 2266 686 2323 lnde
711 2268 835 2324 abortus
856 2275 888 2325 et
909 2271 1045 2344 ignorati

137 2370 216 2423 uteri
229 2367 316 2422 triste
330 2368 581 2439 experimentum.

179 2461 318 2530 Proinde,
341 2465 398 2518 etsi
422 2481 483 2517 non
505 2465 635 2538 contigit
656 2464 712 2519 tibi
736 2462 920 2520 desiderium
941 2463 1046 2523 fratris

137 2563 236 2618 amissi
261 2566 314 2616 aut
336 2567 449 2636 nepote
475 2563 538 2617 eius
561 2567 614 2616 aut
641 2568 735 2636 nepte
763 2561 860 2632 solari,
885 2573 1046 2622 memento

170 2725 183 2748 ⁰
199 2715 332 2778 imuyines,
346 2731 403 2764 wax
417 2716 533 2780 portrait
550 2717 637 2765 maske
654 2717 682 2765 oi
697 2723 831 2766 ancestors
843 2718 902 2767 who
914 2718 967 2769 had
980 2721 1044 2770 hold

139 2781 229 2830 curule
251 2781 326 2829 office
350 2780 461 2840 (carried
481 2782 508 2828 in
527 2781 597 2830 their
620 2797 679 2830 own
698 2782 750 2831 and
769 2783 840 2832 their
857 2783 1043 2836 descendants'

138 2845 241 2896 funeral
253 2847 435 2909 processions),
449 2861 518 2894 were
535 2846 601 2910 kept
618 2847 646 2896 in
662 2847 709 2896 the
726 2849 825 2898 atrium
841 2849 869 2898 oi
886 2850 932 2899 the
949 2850 1044 2916 family

138 2913 227 2970 house,
244 2915 261 2936 “
272 2910 410 2974 arranged,
420 2910 473 2958 and
485 2912 628 2960 connected
641 2912 675 2977 by
687 2913 810 2962 coloured
822 2914 896 2976 lines,
911 2916 939 2964 in
951 2917 1016 2966 such
1028 2934 1043 2965 a

138 2992 198 3040 way
216 2991 245 3024 as
264 2983 293 3024 to
313 2975 417 3024 exhibit
435 2976 481 3024 tho
497 2976 590 3040 family
606 2978 754 3042 pedigree’'
773 2979 915 3044 (Seyffert).
951 2981 1043 3031 Hence

141 3045 196 3090 “to
213 3040 281 3090 have
298 3039 444 3102 iuraqinea'’
464 3048 554 3090 meant
577 3045 631 3091 “to
649 3042 682 3092 be
702 3043 730 3093 oi
748 3044 826 3094 noble
843 3048 995 3112 ancestry,¹'
1016 3049 1042 3096 in

143 3155 199 3191 120
