2162 3438
312 181 400 239 THE
430 181 614 240 LETTERS
643 182 698 240 OF
728 181 854 240 PLINY

129 351 258 420 ornabis,
273 349 412 407 attolles!
455 350 645 428 Quamquam
660 358 785 408 nonest
805 370 882 427 opus
902 351 1045 428 adfingas

129 472 312 550 aliquidaut
333 473 490 542 adstruas;
511 474 630 545 suffieit,
643 493 683 532 ne
705 495 750 546 ea,
766 494 843 551 quae
865 483 943 533 sunt
966 496 1066 545 verul

129 601 312 654 minuantur.
357 598 440 656 Vale.

515 836 650 893 XXXIV

314 994 345 1052 C.
372 994 492 1051 Fuluus
514 993 708 1060 TuuNQuuuo
731 994 792 1052 Suo
814 993 843 1052 S.

170 1155 298 1211 Exruics
327 1163 445 1213 aestum
468 1176 578 1213 meum.
623 1154 724 1212 Audio
746 1174 795 1212 me
819 1153 899 1211 male
924 1154 1066 1242 legere,¹

129 1286 289 1345 dumtaxat
312 1307 434 1356 versus;
470 1292 621 1345 orationes
649 1291 732 1345 euim
761 1285 959 1356 commodius,
988 1289 1044 1345 sed

129 1427 218 1476 tanto
241 1423 341 1476 minus
364 1439 475 1478 versus.
520 1419 628 1496 Cogito
651 1439 724 1496 ergo
747 1421 928 1476 recitaturus
953 1418 1043 1476 fami·

129 1553 252 1610 liaribus
267 1557 370 1610 amicis
385 1557 515 1629 experiri
530 1553 674 1610 libertum
689 1572 799 1609 meum.
831 1550 900 1608 Hoc
914 1571 1042 1630 quoque
1065 1549 1066 1570 l

129 1683 287 1755 familiare,
302 1684 383 1761 quod
399 1684 479 1761 elegi
493 1704 556 1742 non
569 1685 659 1754 bene,
674 1683 728 1742 sed
745 1683 853 1742 melius
874 1683 1040 1754 lecturum,

130 1823 154 1876 si
183 1826 288 1875 tamen
316 1839 377 1875 non
406 1818 499 1876 fuerit
527 1820 731 1895 perturbatus.
789 1817 844 1874 Est
868 1821 951 1874 enim
975 1825 1037 1875 tam

129 1969 224 2006 novus
239 1949 336 2006 lector
350 1969 439 2026 quam
455 1970 513 2027 ego
527 1957 625 2026 po'e'ta.
671 1949 741 2025 Ipse
762 1952 873 2018 nescio,
889 1949 965 2025 quid
987 1949 1037 2006 illo

131 2082 257 2158 legente
281 2085 405 2138 interim
434 2080 551 2152 faciam,
577 2081 699 2138 sedeam
728 2079 844 2137 defixus
873 2088 906 2138 et
934 2091 1037 2139 mutus

131 2221 164 2271 et
192 2213 296 2270 similis
324 2218 421 2270 otioso
448 2233 487 2269 au
512 2221 547 2271 ut
569 2212 702 2290 quidam,
716 2231 794 2288 quue
817 2215 1035 2286 pronuntiabit,

130 2365 295 2416 murmure,
310 2346 414 2417 oculis,
428 2366 520 2403 manu
535 2365 707 2423 prosequar.
744 2343 806 2401 Sed
821 2351 896 2420 puto
909 2364 960 2402 me
975 2366 1035 2403 non

130 2484 230 2536 minus
260 2479 338 2536 male
367 2479 477 2537 saltare
506 2499 596 2556 quam
624 2479 737 2554 legere.
781 2476 898 2534 Iterum
926 2477 1035 2550 dicam,

129 2612 246 2689 explica
254 2620 372 2669 aestum
383 2631 486 2668 meum
500 2631 631 2688 vereque
641 2611 781 2680 rescribe,
793 2628 866 2665 uum
875 2612 914 2666 sit
928 2610 1035 2669 melius

130 2748 259 2820 pessime
281 2743 384 2819 legere
407 2763 496 2820 quam
519 2747 576 2800 ista
593 2743 641 2800 vel
663 2763 724 2800 non
746 2741 845 2798 facere
861 2741 909 2797 vel
924 2741 1032 2802 fauere.

131 2873 214 2930 Vale.

136 3119 192 3190 256
