2158 3436
357 597 509 668 LIBER
541 597 778 684 OCTAVUS

562 798 575 854 Ι

331 958 362 1015 C.
387 958 508 1015 Pennus
530 957 667 1016 Sururoro
689 957 750 1014 Suo
772 956 800 1014 S.

158 1117 233 1172 luna
247 1114 405 1173 commode
426 1115 567 1192 explicui,
582 1122 713 1191 excepto
734 1113 816 1191 quod
837 1114 962 1192 quidam
986 1136 1025 1172 ex

114 1227 190 1280 meis
216 1223 373 1280 adversam
396 1222 602 1280 valetudinem
630 1220 859 1280 ferventissimis
885 1223 1024 1280 aestibus

114 1337 338 1388 contraxerunt.
390 1328 553 1405 Encolpius
582 1327 705 1405 quidem
733 1328 838 1399 lector,
861 1327 913 1386 ille
942 1333 1023 1386 seria

114 1445 225 1508 nostra,
253 1436 304 1494 ille
339 1435 476 1506 deliciae,
505 1439 688 1511 exasperatis
723 1434 858 1493 faucibus
893 1435 1021 1511 pulvere

113 1548 292 1620 sanguinem
319 1547 434 1600 reiecit.
491 1526 590 1614 Quam
617 1546 706 1600 triste
741 1542 798 1599 hoc
832 1546 900 1618 ipsi,
927 1563 1019 1619 quam

114 1651 255 1707 acerbum
284 1649 368 1720 mihi,
391 1653 416 1706 si
443 1653 478 1719 is,
502 1652 549 1706 cui
577 1653 674 1706 omnis
703 1668 740 1706 ex
769 1648 876 1706 studiis
910 1653 1017 1725 gratia,

114 1754 256 1813 inhabilis
281 1755 389 1813 studiis
410 1753 519 1813 fuerit!
563 1754 639 1826 Quis
660 1754 773 1812 deinde
794 1754 912 1812 libellos
933 1775 1016 1814 meos

113 1867 155 1918 sic
169 1862 264 1938 leget,
279 1866 321 1918 sic
341 1863 475 1918 amabit?
497 1882 588 1938 quern
609 1881 696 1918 aures
717 1881 804 1918 meae
827 1865 869 1919 sic
891 1881 1015 1938 sequen-

112 1971 185 2027 tur?
229 1967 290 2026 Sed
316 1967 350 2025 di
377 1967 502 2026 laetiora
529 1971 720 2045 promittunt.
765 1967 861 2025 Stetit
886 1973 1013 2044 sanguiS,

115 2073 229 2132 resedit
244 2072 337 2131 dolor.
383 2073 543 2132 Praeterea
558 2078 717 2131 continens
730 2077 805 2150 ipse,
817 2093 871 2131 nos
886 2073 1011 2146 solliciti,

113 2180 224 2238 rnedici
253 2179 426 2256 diligentes
470 2180 520 2237 Ad
548 2179 605 2238 hoc
631 2179 789 2238 salubritas
810 2180 897 2251 caeli,
918 2199 1013 2239 seces-

115 2307 175 2357 sus,
197 2290 283 2364 quies
303 2294 424 2344 tantum
449 2286 553 2344 salutis
575 2294 724 2363 quantum
746 2290 801 2344 otii
823 2286 1007 2363 pollicentur.

117 2393 199 2450 Vale.

549 2574 579 2630 ll

328 2733 359 2790 C.
385 2732 506 2789 Pnnuus
527 2731 663 2788 Crtvrsro
685 2731 746 2788 Suo
768 2731 796 2789 S.

153 2890 221 2947 Aur
236 2895 268 2948 in
281 2890 405 2968 praedia
418 2910 471 2948 sua
492 2889 731 2967 proficiscuntur,
745 2897 781 2946 ut
801 2889 1003 2966 locupletiores

112 3005 313 3070 revertantur,
327 3017 394 3075 ego,
414 3005 449 3055 ut
472 3002 640 3074 pauperior.
684 2996 889 3054 Vendideram
912 2998 1003 3057 vinde-

111 3123 149 3178 92
