2150 3444
313 246 402 306 THE
430 244 616 306 LETTERS
640 248 696 305 OF
726 243 854 304 PLINY

534 481 632 539 XCIV

314 622 345 679 C.
370 621 491 678 Puuuus
513 621 652 678 Taarano
673 607 862 678 lupanaronr

173 764 351 823 Sunromuu
373 753 603 832 Tannoniunuu,
622 763 844 838 probissimum,
863 763 1045 822 honestissi-

133 901 226 950 mum,
241 879 478 936 eruditissimum
493 881 599 949 virum,
614 887 647 935 et
661 897 760 936 mores
777 883 841 936 eius
863 889 999 938 secutus
1019 889 1045 936 el

133 996 233 1054 studia
247 985 435 1072 iampridem,
449 992 583 1064 domine,
598 998 629 1050 in
651 994 887 1051 contubernium
910 1016 1045 1072 assump

134 1116 168 1183 si,
203 1118 350 1187 tantoque
385 1113 481 1185 magis
515 1109 645 1185 diligere
679 1113 775 1185 coepi,
807 1117 930 1185 quanto
970 1111 1045 1168 hunc

134 1230 256 1305 propius
283 1229 410 1301 inspexi.
455 1224 538 1282 Huic
567 1229 612 1281 ius
635 1228 728 1282 trium
749 1225 920 1282 liberorum
943 1246 1045 1284 neces-

134 1347 244 1400 sarium
255 1341 371 1399 faciunt
385 1341 463 1398 duae
479 1359 604 1408 causae;
619 1360 690 1396 nam
705 1348 738 1397 et
751 1338 862 1398 iudicia
877 1346 1044 1399 amicorum

134 1466 324 1536 promeretur
338 1466 371 1515 et
384 1478 490 1533 parum
505 1456 579 1514 felix
594 1459 819 1514 matrimonium
834 1467 990 1534 expertus
1005 1467 1043 1516 est

134 1573 420 1650 impetrandumque
434 1593 452 1628 a
466 1573 604 1630 bonitate
623 1579 676 1629 tua
693 1591 748 1647 per
764 1591 819 1629 nos
841 1571 953 1646 habet,
969 1575 1042 1652 quod

135 1689 178 1746 illi
207 1689 347 1746 fortunae
374 1687 548 1764 malignitas
576 1688 749 1764 denegavit.
802 1687 880 1758 Scio,
911 1689 1042 1758 domine,

136 1811 282 1880 quantum
304 1803 486 1860 beneficium
508 1810 622 1878 petam,
636 1801 690 1859 sed
712 1810 793 1878 peto¹
806 1823 824 1858 a
845 1809 888 1874 te,
905 1809 994 1862 euius
1015 1777 1057 1862 in}

136 1920 274 1975 omnibus
302 1917 460 1974 desideriis
484 1921 561 1974 meis
589 1917 795 1993 plenissimam
816 1917 1039 1994 indulgentiam

136 2037 281 2110 experior.
321 2032 410 2090 Potes
454 2041 558 2090 autem
601 2032 754 2110 colligere,
800 2041 916 2110 quanto
953 2056 1039 2112 opere

137 2154 265 2226 cupiam,
289 2148 370 2226 quod
398 2168 460 2205 non
489 2167 626 2224 rogarem
654 2149 773 2219 absens,
795 2152 819 2205 si
847 2139 1057 2209 medioeriter,

136 2285 287 2342 cuperem.

548 2466 630 2523 XCV

386 2686 389 2691 .
448 2610 602 2670 Tanuuus
626 2612 730 2669 Panno

180 2755 273 2826 Quam
289 2775 378 2832 parce
393 2756 468 2814 haec
482 2756 630 2814 beneficia
644 2756 785 2826 tribuam,
800 2759 916 2834 utique,
930 2764 974 2816 mi
989 2761 1039 2819 Se·

139 2886 239 2943 eunde
264 2890 425 2957 carissime,
450 2886 557 2944 haeret
581 2887 648 2957 tibi,
672 2906 741 2944 cum
766 2891 859 2944 etiam
881 2892 913 2943 in
934 2901 1038 2952 senatu

497 3091 510 3112 ⁰
527 3084 553 3132 ii.
570 3085 609 3143 13,
623 3089 692 3134 note.
