2114 3440
296 229 385 287 THE
414 229 596 289 LETTERS
625 231 679 290 OF
708 232 833 290 PLINY

114 385 188 443 chus
202 385 249 443 his
270 390 463 459 excitaretur,
478 392 521 444 ita
541 408 622 444 nunc
645 388 758 460 hortor,
780 397 816 447 ut
838 393 1029 451 iucundissi-

113 504 197 540 mum
210 503 307 560 genus
317 489 397 543 vitae
411 505 474 542 non
485 485 575 543 nullis
587 487 742 544 interdum
753 493 838 565 quasi
852 492 1005 548 acrioribi·

113 582 243 640 condias.
287 582 370 640 Vale.

544 768 587 825 1v

239 910 270 968 C.
295 909 416 967 Pmnrus
439 908 553 967 Ponrm
576 909 749 967 Annrrano¹
772 910 834 970 Suo
857 913 885 971 S.
1028 973 1032 1010 4

154 1051 208 1107 Ars
218 1050 328 1127 legisse
336 1057 369 1107 te
378 1049 645 1128 hendecasyllabos
655 1070 755 1120 meos;
777 1055 904 1129 requiris
916 1057 1025 1124 etiarn,

113 1148 205 1222 quem
226 1144 410 1202 admodum
432 1149 585 1221 coeperim
613 1147 754 1216 scribere,
776 1146 877 1218 homo,
899 1156 936 1206 ut
965 1151 1024 1206 tibi

112 1239 226 1309 videor,
249 1258 380 1310 severus
395 1246 430 1296 ut
454 1243 519 1316 ipse
543 1239 650 1311 fateor,
665 1259 727 1297 non
749 1244 880 1317 ineptus.
926 1242 1024 1300 Num-

114 1353 205 1410 quam
229 1354 246 1390 a
269 1337 388 1409 poetice
413 1333 515 1410 (altius
538 1338 620 1392 enim
642 1335 792 1411 repetam)
816 1334 935 1393 alienus
958 1335 1022 1404 fui;

113 1432 187 1504 quin
219 1431 311 1484 etiam
339 1428 582 1504 quattuordecim
616 1436 705 1487 natus
740 1449 834 1488 annos
870 1430 1022 1488 Graecam

112 1521 300 1598 tragoediam
311 1524 422 1597 scripsi.
459 1527 468 1554 ‘
478 1520 607 1592 Qualem
618 1522 645 1578 ?’
669 1525 776 1596 inquis.
814 1523 925 1580 Nescio
936 1544 943 1593 ;
959 1533 1019 1583 tra-

112 1614 222 1691 goedia
249 1614 419 1672 vocabatur.
464 1615 547 1684 Mox,
576 1633 644 1670 cum
672 1633 689 1670 e
714 1613 823 1671 militia
843 1616 965 1676 rediens
987 1625 1018 1676 in

113 1707 208 1764 Icaria
221 1708 319 1766 insula
332 1712 432 1766 ventis
446 1707 610 1774 detinerer,
626 1704 750 1762 Latinos
765 1706 867 1784 elegos
888 1713 919 1766 in
941 1711 1018 1769 illud

112 1805 211 1878 ipsum
231 1822 314 1859 mare
336 1806 491 1878 ipsamque
514 1799 643 1856 insulam
665 1799 731 1857 feci.
776 1800 927 1879 Expertus
950 1825 1016 1863 sum

112 1915 161 1954 me
170 1895 332 1974 aliquando
347 1902 380 1952 et
393 1894 496 1962 her00‚
506 1892 766 1971 hendecasyllabis
780 1916 862 1955 nunc
877 1887 1014 1973 primum}

112 2009 239 2066 quorum
254 1989 303 2045 hic
317 1987 436 2058 natalia,
457 1986 532 2043 haec
546 2007 635 2044 causa
649 1996 704 2046 est.

153 2083 350 2160 Legebantur
363 2085 394 2137 in
410 2081 596 2138 Laurentino
609 2081 684 2139 mihi
699 2082 766 2140 libri
781 2082 868 2140 Asini
882 2085 959 2142 Galli
974 2087 1012 2144 de

112 2181 335 2254 comparatione
351 2180 443 2252 patris
459 2183 491 2233 et
502 2175 661 2233 Ciceronis.
707 2177 820 2236 incidit
831 2182 1012 2255 epigramma

114 2272 265 2329 Ciceronis
279 2275 312 2327 in
326 2270 469 2327 Tironem
484 2290 578 2327 suum.
613 2270 704 2341 Dein,
720 2292 788 2329 cum
797 2273 923 2330 meridie
936 2275 1010 2350 (erat

112 2370 194 2423 enim
209 2365 319 2440 aestas)
332 2364 515 2421 dormiturus
524 2383 573 2421 me
585 2369 776 2442 recepissem,
786 2386 843 2423 nec
853 2368 1009 2444 obreperet

112 2479 243 2531 somnus,
258 2463 344 2535 coepi
357 2465 509 2535 reputare,
524 2461 669 2515 maximos
690 2466 823 2517 oratores
845 2459 900 2517 hoc
920 2463 1007 2519 studii

380 2563 389 2594 ¹
407 2565 552 2612 Annrrauo
563 2564 625 2614 add.
640 2564 747 2613 Mulier.

145 2690 158 2712 ⁰
175 2681 222 2732 See
234 2681 269 2730 iv.
285 2683 324 2740 14,
338 2691 408 2730 note.

145 2747 155 2778 ⁶
172 2746 229 2796 Not
241 2746 341 2810 Pliny’s
353 2745 559 2811 correspondent
572 2745 608 2805 (ii.
624 2745 661 2807 17,
676 2746 710 2794 iv.
729 2745 766 2805 17,
779 2746 833 2795 viii.
848 2748 898 2806 20),
907 2746 951 2797 but
963 2751 1004 2798 the

113 2827 159 2861 son
172 2813 200 2862 ol
211 2813 258 2862 the
269 2811 372 2862 famous
383 2818 473 2861 orator
485 2811 578 2869 Pollio,
593 2808 644 2858 and
657 2810 773 2876 possibly
787 2811 832 2860 the
844 2811 913 2861 child
924 2814 1004 2864 whose

112 2877 186 2928 birth
198 2879 287 2944 Virgil
298 2877 448 2928 celebrated
460 2879 487 2926 in
500 2878 541 2926 his
553 2875 654 2925 Fourth
669 2877 793 2940 Eologue.

145 2953 154 2976 ⁰
171 2943 284 2996 Cicero’s
295 2944 465 2993 well-known
477 2943 615 2992 character
627 2943 717 2992 makes
735 2944 757 2992 it
773 2945 874 2993 certain
887 2944 942 2994 that
953 2946 1002 2994 this

111 3011 229 3126 {Rigrffm
249 3013 271 3060 is
289 3011 419 3076 spurious.
464 3009 527 3057 Tiro
547 3024 601 3057 was
621 3008 661 3057 his
682 3009 817 3059 freedman
837 3009 889 3060 and
908 3012 1000 3061 trusted

124 3091 206 3127 nen.
708 3099 711 3104 ¹
792 3083 800 3097 “

113 3172 130 3228 8
