2160 3438
325 216 414 274 THE
444 216 627 275 LETTERS
656 217 710 275 OF
743 217 869 274 PLINY

143 374 234 432 modo
249 393 457 432 consummare
478 393 579 450 opera,
594 382 629 432 ut
650 374 792 432 inchoata
812 382 894 445 sunt,
909 395 966 446 an,
980 394 1052 452 quae

143 497 285 556 videntur
309 497 510 568 emendanda,
538 501 699 574 corrigere,
727 518 804 576 quae
826 497 1054 568 transferenda,

142 621 316 692 transferre,
331 642 380 693 ne,
394 622 466 681 dum
482 642 600 680 servare
614 623 762 695 volumuS,
775 622 857 700 quod
877 627 1054 699 impensum

142 754 200 817 est,
213 746 292 804 male
307 747 527 823 impendamus,
540 747 622 825 quod
640 748 815 806 addendum
829 756 884 806 est.

566 979 622 1037 XL

455 1137 610 1195 Tauranus
633 1137 738 1196 Pmruo

185 1293 268 1366 Quin
282 1302 421 1371 oporteat
435 1294 499 1352 fieri
510 1300 588 1352 circa
602 1295 766 1366 theatrum,
781 1295 862 1373 quod
873 1296 1053 1356 inchoatum

142 1409 223 1486 apud
235 1409 419 1468 Nicaeenses
428 1418 484 1480 est,
496 1414 528 1466 in
537 1430 569 1467 re
580 1413 733 1487 praesenti
744 1414 858 1487 optime
867 1409 1052 1469 deliberabis

143 1537 176 1586 et
191 1533 365 1587 constitues.
410 1528 488 1585 Mihi
509 1528 637 1586 sufficiet
657 1526 793 1597 indicari,
807 1531 855 1584 cui
876 1532 1051 1584 sententiae

142 1648 310 1703 accesseris.
353 1643 439 1702 Tunc
463 1651 567 1701 autem
587 1664 606 1700 a
627 1646 751 1720 privatis
775 1645 856 1718 exigi
878 1662 975 1718 opera
997 1644 1051 1700 tibi

143 1778 232 1817 curae
247 1762 296 1829 sit,
311 1778 379 1816 cum
401 1757 566 1829 theatrum,
581 1765 706 1834 propter
726 1757 808 1834 quod
831 1756 883 1813 illa
905 1762 1051 1832 promissa

143 1882 224 1945 sunt,
249 1873 364 1931 factum
392 1877 459 1932 erit.
504 1873 676 1951 Gymnasiis
699 1872 863 1950 indulgent
886 1872 1049 1940 Graeculi3

143 1990 213 2048 ideo
227 1989 354 2047 forsitan
369 1989 552 2047 Nicaeenses
560 1993 673 2046 maiore
681 1993 782 2046 animo
791 1992 1049 2047 constructionem

143 2110 207 2164 eius
221 2109 355 2183 aggressi
366 2112 445 2164 sunt.
469 2103 531 2162 Sed
545 2112 667 2181 oportet
675 2103 741 2162 illos
756 2124 793 2161 eo
801 2111 965 2161 contentos
976 2124 1049 2174 esse,

142 2221 224 2299 quod
238 2225 333 2299 possit
346 2221 405 2279 illis
420 2221 563 2279 sufficere.

184 2336 266 2409 Quid
281 2336 550 2413 Claudiopolitanis
565 2339 642 2393 circa
661 2315 825 2405 balineum,
841 2335 923 2412 quod
932 2355 1048 2412 parurn,

144 2456 178 2506 ut
199 2448 311 2517 scribis,
333 2447 444 2506 idoneo
464 2447 530 2504 loco
552 2445 780 2517 inchoaverunt,
794 2445 985 2504 suadendum
1001 2453 1048 2518 sit,

142 2567 177 2617 tu
205 2563 379 2616 constitues.
424 2558 594 2616 Architecti
616 2558 673 2615 tibi
700 2557 807 2615 deesse
828 2576 889 2613 non
910 2567 1047 2632 possunt

145 2669 235 2726 Nulla
250 2673 402 2745 provincia
424 2676 480 2740 est,
495 2687 573 2745 quae
598 2688 659 2724 non
684 2671 798 2743 peritos
820 2674 852 2724 et
875 2669 1049 2742 ingeniosos

142 2777 280 2836 homines
294 2779 426 2846 habeat3
447 2777 538 2836 modo
552 2798 592 2835 ne
613 2781 767 2835 existimes
788 2777 908 2834 brevius
923 2796 989 2835 esse
1011 2782 1048 2838 ab

143 2887 218 2944 urbe
231 2892 323 2958 mitti,
338 2909 406 2945 cum
422 2908 459 2946 ex
475 2889 601 2946 Graecia
612 2893 704 2947 etiam
719 2888 758 2946 ad
772 2907 827 2945 nos
848 2892 952 2945 venire
967 2890 1046 2948 soliti

143 3003 222 3053 sunt.

146 3147 203 3218 328
