2114 3440
290 169 379 228 THE
409 166 592 227 LETTERS
621 163 675 227 OF
705 163 832 224 PLINY

108 340 169 389 tam
181 335 315 389 omisisse
325 339 492 388 narrantur.
518 328 776 385 Narranturdico?
797 327 884 382 adest
896 329 1033 402 provin-

108 470 172 522 ciae
194 463 323 540 legatus,
344 462 449 521 attulit
471 463 629 519 decretum
646 459 766 518 concilii
786 459 825 515 ad
847 458 1031 529 Caesarem,

107 597 212 654 attulit
227 597 264 653 ad
279 596 391 654 multos
406 600 557 672 principes
572 598 659 663 viros
673 592 778 650 attulit
792 595 885 649 ctiam
902 591 940 647 ad
961 611 1031 648 nos

109 729 219 786 Vareni
234 729 402 786 advocatos.
449 727 568 785 Perstat
582 735 686 784 tamen
701 726 784 783 idem
799 724 850 782 ille
863 725 1003 800 Magnus
1022 747 1029 782 :

107 867 181 939 quin
196 866 288 919 etiam
304 861 476 937 Nigrinum,
491 863 639 936 optimum
654 862 760 928 virum,
775 861 1027 934 pertinacissime

107 1002 238 1052 exercet.
284 993 342 1050 Per
356 992 437 1050 hunc
455 1013 473 1049 a
487 991 659 1050 consulibus
674 989 856 1067 postulabat,
871 996 906 1046 ut
920 987 1026 1046 Vare-

107 1146 164 1183 nus
179 1125 323 1183 exhibere
337 1127 470 1182 rationes
484 1132 652 1200 cogeretur.

148 1256 341 1314 Adsistebam
351 1255 471 1314 Vareno
484 1258 544 1312 iam
558 1263 678 1313 tantum
692 1261 728 1311 ut
741 1256 854 1310 amicus
868 1260 901 1311 et
912 1260 1022 1312 tacere

105 1379 308 1438 decreveram.
353 1380 438 1437 Nihil
462 1384 544 1437 enim
569 1388 632 1437 tarn
656 1384 850 1450 contrarium,
874 1399 966 1456 quam
993 1385 1021 1436 si

105 1504 268 1562 advocatus
291 1525 309 1561 a
331 1513 439 1563 senatu
461 1506 551 1563 datus
574 1504 773 1562 defenderem
797 1511 831 1560 ut
854 1522 950 1573 reum,
966 1508 1019 1560 cui

106 1648 180 1704 opus
208 1636 299 1700 esset,
327 1649 367 1686 ne
392 1649 461 1687 reus
489 1629 651 1686 videretur.
695 1627 771 1683 Cum
799 1634 903 1683 tamen
928 1625 1017 1684 finita

105 1752 309 1828 postulatione
326 1754 446 1830 Nigrini
455 1751 593 1810 consules
607 1750 646 1807 ad
655 1770 705 1807 me
715 1749 817 1809 oculos
827 1750 1016 1821 retulissent,

105 1881 114 1908 ‘
124 1875 251 1946 Scietis‚’
287 1861 420 1953 inquam,
456 1881 612 1932 ‘constare
646 1874 734 1931 nobis
768 1873 882 1932 silentii
916 1878 1015 1931 nostri

104 2004 264 2072 rationem,
291 2020 360 2058 cum
389 2018 474 2057 veros
502 1999 619 2076 legatos
642 2003 812 2076 provinciae
835 1998 1012 2056 audieritis.’

105 2124 216 2183 Contra
232 2125 394 2200 Nigrinus:
415 2124 482 2182 ‘Ad
497 2144 588 2202 quem
602 2129 684 2182 missi
698 2132 770 2182 sunt
780 2124 809 2181 ?’
843 2123 927 2200 Ego:
943 2122 1011 2180 ‘Ad

104 2269 154 2306 me
165 2268 285 2326 quoque
299 2268 306 2317 ;
326 2247 596 2307 habeo-decretum
606 2248 795 2326 provinciae'
821 2248 932 2305 Rursus
941 2247 1010 2306 ille:

86 2364 113 2404 ’ί
124 2371 230 2429 Potest
255 2372 313 2429 tibi
340 2372 475 2450 liquere‘
532 2372 581 2430 Ad
610 2373 667 2430 hoc
695 2392 773 2450 ego:
808 2371 864 2431 ‘Si
888 2373 944 2432 tibi
972 2393 1008 2430 ex

104 2493 223 2552 diverso
253 2494 360 2571 liquet,
386 2503 488 2571 potest
521 2503 554 2553 et
584 2495 669 2566 mihi,
704 2495 785 2572 quod
815 2504 863 2553 est
892 2495 1007 2565 melius,

104 2617 262 2695 liquere.'1
318 2619 395 2677 Tum
423 2619 542 2696 legatus
566 2618 734 2696 Polyaenus
754 2639 857 2678 causas
878 2619 1006 2678 abolitae

103 2745 301 2800 accusationis
335 2746 475 2819 exposuit
508 2741 741 2820 postulavitque,
769 2763 809 2800 ne
844 2746 1007 2819 cognitioni

137 2882 145 2913 ¹
162 2882 233 2948 quod
251 2889 292 2933 est
312 2882 406 2932 melius
424 2881 525 2946 liquere
546 2881 652 2944 Bipoar,
675 2883 701 2933 K
718 2886 760 2944 (cx
771 2883 805 2933 Μ
809 2887 845 2947 a),
863 2901 888 2948 q.
907 2899 930 2934 e.
946 2884 1001 2932 mel.

104 2963 182 3000 causa
205 2950 319 3015 liqueret
343 2949 485 3012 (loquetur)
508 2948 612 3011 legatus
636 2949 714 3012 Dpr,
733 2966 759 3014 q.
784 2966 806 3000 e.
833 2949 891 3000 mel.
915 2950 1004 3006 †causa

104 3013 205 3080 liquere
217 3016 323 3075 Mrtller,
340 3018 373 3078 (q.
389 3030 412 3062 a.
425 3013 477 3062 mei
488 3013 563 3075 iuris)
577 3030 655 3064 causa
667 3015 767 3080 liquere
781 3016 807 3065 K
807 3015 894 3066 atala.

110 3127 143 3182 ¹4
