2162 3438
325 169 413 226 THE
443 168 627 227 LETTERS
657 168 712 226 OF
741 168 870 226 PLINY

142 326 298 383 tendebat.
351 324 523 402 Delphinus
548 329 679 384 occurrit
702 334 735 384 et
759 346 842 383 nunc
862 327 1069 404 praecedere¹

142 479 280 536 puerum,
294 479 376 516 nune
390 463 485 536 sequi,
496 478 578 516 nunc
593 463 760 530 circumire,
770 467 925 535 postremo
943 459 1058 528 subire,

142 590 306 667 deponere,
328 595 440 648 iterum
474 592 574 648 subire
609 590 878 668 trepidantemque
913 590 1069 678 perfer-rep

142 727 272 799 primum
300 727 332 779 in
360 722 466 793 altum,
494 743 564 786 mox
592 723 689 782 flectit
716 723 755 780 ad
782 723 856 781 litus
885 723 1058 801 redditque

141 864 241 913 terrae
270 863 303 914 et
330 855 513 932 aequalibus.
557 854 660 932 Serpit
687 876 742 932 per
771 855 920 914 coloniam
954 855 1054 924 fama;

142 1002 321 1040 concurrere
332 1002 448 1054 omneS,
457 986 555 1060 ipsum
565 1002 693 1059 puerum
705 991 860 1062 tamquam
870 983 1053 1041 miraculum

142 1105 308 1183 adspicere,
323 1111 522 1183 interrogare,
535 1106 652 1178 audire,
665 1126 795 1164 narrare.
1068 1079 1069 1090 ³

184 1234 308 1292 Postero
323 1233 372 1292 die
387 1233 531 1292 obsident
544 1233 627 1305 litus,
642 1242 839 1311 prospectant
859 1254 956 1305 mare,
974 1245 1010 1293 et
1031 1215 1069 1294 sil

141 1359 215 1437 quid
229 1363 305 1416 mari
319 1359 425 1416 simile.
470 1358 588 1417 Natant
601 1362 708 1435 pueri3
732 1362 814 1416 inter
834 1357 889 1416 hos
909 1359 975 1430 ille,
999 1361 1052 1418 sed

141 1490 266 1544 cautius.
324 1485 497 1562 Delphinus
524 1505 625 1544 rursus
653 1486 691 1543 ad
720 1493 851 1562 tempus,
878 1506 984 1545 rursus
1014 1469 1069 1546 ad³

141 1633 268 1691 puerum
284 1611 403 1694 [venit].
448 1614 540 1690 Fugit
554 1613 606 1670 ille
621 1633 690 1670 cum
712 1617 829 1671 ceteris.
862 1613 1050 1691 DelphinuS,

141 1745 224 1818 quasi
254 1746 366 1800 invitet
387 1750 419 1799 et
440 1748 570 1812 revocet,
593 1741 688 1812 exilit,
710 1745 867 1818 mergitur,
889 1747 1047 1821 variosque

139 1872 227 1928 orbes
252 1871 415 1947 implicitat
438 1870 633 1948 expeditque.
680 1870 750 1927 Hoc
778 1870 875 1927 altero
903 1869 965 1941 die,
989 1871 1047 1930 hoc

139 2003 242 2070 tertio,
257 1997 314 2056 hoc
334 1999 480 2075 pluribuS,
502 1999 600 2056 donec
621 1997 759 2056 homines
783 2003 947 2056 innutritos
971 2005 1045 2056 mari
1068 2009 1069 2062 l

1068 2087 1069 2108 l

139 2127 256 2185 subiret
283 2125 413 2184 timendi
441 2126 558 2202 pudor:
593 2126 745 2184 accedunt
772 2134 804 2184 et
831 2125 983 2184 adludunt
1013 2138 1044 2187 et

139 2254 306 2331 appellant,
319 2262 453 2329 tangunt
467 2257 560 2311 etiam
574 2261 825 2331 pertrectantque
834 2255 1040 2330 praebentem.

139 2382 255 2440 Crescit
289 2380 413 2438 audacia
448 2385 665 2458 experimento.
710 2381 843 2438 Maxime
878 2401 962 2458 puer,
989 2388 1041 2460 qui
1068 2439 1069 2464 ἶ

138 2513 252 2586 primus
275 2517 418 2585 expertus
442 2518 498 2580 est,
522 2509 648 2568 adnatat
670 2513 798 2580 natanti,
822 2509 917 2568 insilit
943 2518 1040 2588 tergo,

138 2637 235 2695 fertur
249 2636 452 2714 referturque,
465 2641 588 2713 agnosci
603 2657 645 2709 se,
656 2641 748 2694 amari
757 2644 855 2712 putat,
867 2646 947 2694 amat
958 2641 1021 2715 ipse
1031 2661 1039 2708 ;

171 2830 184 2852 ⁰
200 2821 264 2870 This
276 2821 407 2870 animalis
421 2821 571 2871 celebrated
588 2823 624 2886 by
636 2823 738 2872 several
755 2821 783 2871 ol
800 2823 846 2872 the
863 2823 979 2873 aucients
995 2825 1034 2874 lor

139 2886 175 2933 its
191 2885 391 2950 philanthropy,
406 2885 458 2934 and
476 2885 555 2951 Pliny
573 2888 619 2937 the
637 2888 718 2948 elder,
732 2890 760 2938 in
777 2888 931 2954 particular,
944 2890 1034 2939 relates

139 2949 194 2998 this
206 2965 271 3014 very
289 2956 372 3013 story,
392 2966 488 3015 among
505 2952 583 3002 other
600 2954 742 3014 metanoea,
763 2955 790 3002 iu
810 2953 987 3004 confirmation
1008 2957 1034 3005 of

139 3013 201 3062 thet
212 3015 310 3064 notion.
348 3014 396 3066 See
408 3014 476 3065 Plin.
492 3016 562 3067 Hiat.
577 3018 642 3068 Not.
659 3021 680 3068 l.
693 3021 716 3080 9,
731 3036 752 3068 c.
767 3022 790 3069 8.
828 3019 942 3080 (Melm.)

141 3121 196 3182 ²5²
