2114 3440
284 239 373 297 THE
402 237 584 296 LETTERS
613 238 668 296 OF
698 238 825 296 PLINY

143 396 211 455 Scio
236 416 317 453 nunc
339 397 396 453 tibi
419 415 484 453 esse
506 400 702 472 praecipuum
725 396 859 454 studium
882 397 1045 465 orandi,

103 493 157 551 sed
172 513 233 550 non
247 492 317 550 ideo
331 512 451 570 semper
465 513 635 569 pugnacem
649 492 731 550 hunc
752 501 785 550 et
806 498 890 571 quasi
917 494 1024 551 bella-

102 595 214 649 torium
248 591 352 650 stilum
387 593 538 648 suaserim.
593 591 636 649 Ut
670 595 752 649 enim
786 600 886 650 terrae
923 597 1023 650 variis

102 694 287 767 mutatisque
310 691 474 748 seminibus
497 693 540 746 ita
564 693 687 765 ingenia
711 697 814 748 nostra
838 711 921 748 nunc
947 691 1020 761 hac,

102 809 184 846 nunc
212 788 264 845 illa
292 787 491 846 meditatione
520 787 703 846 recoluntur.
749 787 823 845 Volo
851 788 1019 846 interdum

100 885 232 963 aliquem
257 906 293 943 ex
320 885 444 942 historia
468 884 568 942 locum
592 884 813 962 adprehendas,
838 885 907 942 volo
931 891 1018 963 epis-

101 983 197 1040 tulam
211 982 389 1059 diligentius
403 983 521 1039 scribas.
566 981 645 1038 Nam
666 1001 756 1058 saepe
778 986 810 1038 in
834 984 1017 1042 orationes1

101 1101 221 1158 quoque
256 1099 318 1137 non
351 1079 494 1136 historica
528 1079 630 1151 m0d0,
664 1079 719 1137 sed
753 1099 848 1156 prope
886 1086 1014 1156 poetica
1044 1099 1045 1106 ¹

101 1179 339 1255 descriptionum
366 1182 530 1236 necessitas
559 1178 676 1249 incidit,
705 1187 738 1237 et
766 1198 885 1255 pressus
908 1199 1014 1239 sermo
1044 1177 1045 1196 ³

101 1297 253 1354 purusque
275 1295 313 1333 ex
335 1275 472 1352 epistulis
494 1279 617 1352 petitur.
662 1276 718 1334 Fas
743 1284 791 1334 est
816 1285 850 1334 et
874 1283 1013 1336 carmine

100 1380 227 1448 remitti,
241 1395 303 1434 non
318 1375 385 1434 dico
400 1379 545 1432 continuo
560 1383 592 1432 et
613 1375 705 1450 longo
731 1374 775 1451 (id
800 1379 881 1432 enim
904 1377 1011 1452 perfici
1044 1421 1045 1434 ,

100 1477 158 1530 nisi
172 1478 203 1530 in
218 1478 280 1531 otio
294 1493 356 1530 non
370 1474 485 1549 potest)
501 1473 555 1530 sed
569 1473 627 1530 hoc
641 1482 749 1550 arguto
764 1481 796 1532 et
817 1475 911 1544 brevi,
927 1476 1009 1552 quod
1044 1471 1045 1536 l

100 1579 172 1647 apte
187 1580 315 1648 quantas
336 1570 413 1628 libet
433 1576 646 1648 occupationes
668 1592 814 1650 curasque
835 1572 1007 1650 distinguit.

102 1668 199 1726 Lusus
215 1677 360 1727 vocantur
372 1689 380 1738 ;
402 1669 456 1727 sed
470 1669 599 1744 hilusus
613 1690 675 1727 non
689 1675 837 1729 minorem
852 1673 1008 1730 interdum

102 1765 228 1842 gloriam
251 1785 341 1842 quam
365 1771 443 1824 seria
467 1776 687 1837 consecuntur3
715 1777 807 1846 atque
836 1770 913 1828 adeo
942 1773 1008 1848 (cur

102 1869 183 1921 enim
198 1872 230 1922 te
245 1865 283 1922 ad
297 1884 400 1923 versus
414 1885 477 1923 non
491 1867 625 1924 versibus
640 1866 784 1925 adhorter
796 1869 819 1944 ?)

142 1995 186 2052 Ut
199 1995 264 2053 laus
279 2003 327 2054 est
340 2016 437 2069 cerae,
452 1998 551 2056 mollis
565 1999 739 2078 cedensque
754 2009 898 2078 sequatur

181 2093 205 2147 si
219 2089 325 2148 doctos
338 2089 450 2166 digitos
463 2095 602 2170 iussaque
616 2093 669 2152 fiat
682 2115 757 2170 opus

140 2192 172 2242 et
186 2204 267 2241 nunc
281 2183 425 2242 informet
440 2185 572 2244 Martem
585 2195 759 2264 castamque
774 2189 950 2260 Minervam,

182 2297 264 2334 nune
279 2278 431 2336 Venerem
446 2280 579 2356 effingat,
593 2301 675 2338 nunc
689 2281 816 2339 Veneris
828 2303 962 2359 puerum,

140 2378 235 2448 utque
250 2375 325 2429 sacri
338 2371 440 2430 fontes
454 2394 516 2430 non
531 2374 593 2433 sola
606 2376 748 2433 incendia
761 2380 884 2448 sistunt,

181 2484 271 2542 saepe
286 2469 378 2522 etiam
393 2465 479 2525 flores
493 2488 646 2547 vernaque
660 2477 747 2545 prata
760 2471 889 2542 iuvant,l

139 2562 181 2615 sic
196 2557 351 2616 hominum
365 2563 523 2636 ingenium
537 2561 618 2619 flecti
632 2563 761 2639 ducique
776 2584 831 2640 per
844 2573 923 2622 artes

181 2671 242 2708 non
256 2652 367 2728 rigidas
381 2653 471 2712 docta
484 2656 654 2714 mobilitate
668 2657 766 2715 decet.

100 2790 207 2868 Itaque
222 2795 331 2850 summi
349 2802 492 2864 oratoreS,
507 2800 616 2852 summi
638 2801 730 2854 etiam
753 2803 808 2856 viri
830 2804 872 2856 sic
897 2822 927 2858 se
947 2812 998 2860 aut

99 2891 283 2949 exercebant
295 2899 349 2949 aut
369 2892 574 2964 delectabant,
588 2897 681 2952 immo
701 2896 899 2957 delectabant
918 2920 997 2959 exer-

198 3021 206 3052 ¹
222 3023 355 3073 orationes
366 3024 400 3072 M
404 3024 462 3084 Do,
476 3023 584 3088 Bipons,
599 3026 626 3074 K
632 3025 666 3088 1.,
680 3029 800 3078 oratione
811 3047 833 3092 r,
850 3031 877 3080 K
883 3031 919 3082 II.

198 3087 208 3118 ²
224 3089 319 3140 iuvant
330 3090 364 3139 Μ
367 3106 390 3150 r,
406 3089 515 3165 Bipoos,
526 3091 562 3150 K,
576 3090 668 3143 lavant
680 3093 761 3158 Dpo‚
775 3097 880 3148 Miller.

105 3201 141 3256 ²4
