2148 3440
349 173 438 230 THE
466 172 650 232 LETTERS
678 173 732 232 OF
762 169 889 230 PLINY

165 333 278 390 desunt
300 337 392 404 enim,
412 336 464 408 qui
485 353 535 390 me
558 333 689 390 iudicem
712 340 765 390 aut
787 334 934 390 arbitrum
949 331 1043 388 facian

166 448 329 505 Accedunt
361 447 515 525 querellae
546 452 735 519 rusticorum,
767 451 818 525 qui
847 447 969 504 auribus
999 449 1050 503 mei

165 543 235 640 post
262 564 387 640 longum
415 572 537 640 tempus
565 584 618 622 sno
646 568 711 622 iure
739 565 914 621 abutuntur.
938 605 940 609 ,
974 564 1052 620 insu

165 687 198 736 et
212 683 376 736 necessitas
393 697 533 754 agrorum
553 678 748 736 locandorum
762 697 907 755 perquam
922 677 1049 734 molesta

165 795 242 853 adeo
256 814 356 852 rarum
370 802 418 852 est
432 798 569 851 invenire
582 794 707 851 idoneos
722 793 930 851 conductores.

205 910 323 983 Quibus
346 930 383 968 ex
405 914 501 968 causis
523 913 658 986 precario
681 909 800 979 studeo,
819 908 929 966 studeo
947 917 1049 966 tamen

165 1047 236 1084 nam
260 1034 293 1085 et
315 1026 412 1082 scribo
437 1024 551 1102 aliquid
576 1032 609 1083 et
633 1024 721 1100 leg03
749 1023 813 1095 sed,
840 1043 908 1080 cum
931 1023 1012 1100 lego,
1033 1043 1047 1080 e

165 1145 389 1218 comparatione
413 1145 521 1212 sentio,
545 1160 634 1217 quam
663 1139 742 1196 male
770 1142 907 1210 scribam,
935 1140 1010 1198 licet
1035 1149 1047 1196 t

138 1236 142 1244 Δ
165 1261 239 1318 mihi
263 1263 377 1319 bonum
404 1265 539 1318 animum
567 1259 668 1331 faciaS,
696 1264 748 1338 qui
773 1259 892 1317 libellos
919 1280 1004 1317 meos
1032 1259 1048 1316 d

164 1382 281 1439 ultione
307 1380 433 1439 Helvidi
458 1383 586 1437 orationi
612 1379 829 1437 Demosthenis
854 1381 925 1439 κατὰ
955 1379 1050 1438 Μειδίο

165 1499 302 1567 confers3
324 1518 414 1576 quam
429 1517 511 1567 sane,
527 1517 596 1555 cum
611 1515 826 1572 componerem
841 1495 918 1566 illos,
932 1494 1045 1553 habuii

103 1619 105 1624 ’
164 1617 312 1686 manibus,
326 1633 388 1670 non
403 1621 439 1670 ut
453 1613 621 1671 aemularer
632 1612 816 1689 (improbum
827 1614 909 1668 enim
923 1631 958 1667 ac
973 1631 1047 1688 paen

163 1728 332 1810 furiosum),
348 1729 402 1786 sed
416 1737 521 1786 tamen
543 1731 678 1784 imitarer
701 1734 733 1784 et
755 1745 908 1803 sequerer,
923 1735 1034 1802 quantu

163 1854 217 1904 aut
242 1846 399 1903 diversitas
424 1846 626 1920 ingeniorum,
651 1845 773 1898 maximi
802 1849 835 1900 et
861 1845 992 1914 minimi,
1018 1861 1047 1897 au

164 1981 270 2020 causae
284 1959 498 2018 dissimilitudo
512 1965 677 2035 pateretur.
721 1957 804 2015 Vale.

1057 2003 1058 2072 l

563 2220 668 2278 xxxi
718 2201 721 2210 '
789 2243 807 2255 »

276 2371 278 2378 ’
377 2381 407 2438 C.
433 2381 553 2437 Pennus
575 2379 721 2436 Connuro
742 2376 803 2435 Suo
825 2376 854 2435 S.

203 2540 353 2597 Cunuoms
376 2539 483 2594 Poumo
496 2542 589 2594 amari
610 2557 627 2593 a
647 2545 680 2594 te
700 2540 785 2612 cupit
798 2535 909 2612 dignus
923 2535 981 2592 hoc
996 2541 1058 2611 ipsq

162 2654 243 2733 quod
259 2659 353 2731 cupit,
364 2653 486 2723 deinde,
498 2651 579 2729 quod
593 2657 658 2728 ipse
672 2653 705 2709 te
720 2627 828 2728 diligit.
863 2651 972 2727 Neque
988 2654 1058 2708 enim

162 2771 227 2828 fere
242 2774 400 2847 quisquam
415 2772 511 2844 exigit
525 2768 617 2839 istud,
631 2771 689 2824 nisi
705 2771 755 2844 qui
771 2766 852 2828 facit.
890 2767 943 2822 Vir
957 2759 1058 2842 alioqui

162 2894 273 2956 rectuS,
287 2889 417 2961 integer,
432 2888 553 2961 quietus
566 2903 601 2940 ac
616 2902 713 2960 paene
728 2883 807 2940 ultra
817 2882 952 2953 modum,
966 2887 991 2939 si
1002 2879 1058 2957 quil

163 3009 266 3057 tamen
280 3000 359 3056 ultra
374 2998 506 3069 modum,
521 2999 718 3056 verecundus.
1057 2967 1058 3042 l

164 3112 202 3166 80
