2170 3440
415 690 568 760 LIBER
597 688 839 761 DECIMUS

356 1032 387 1090 C.
412 1031 532 1090 Punuus
551 1032 690 1090 Traiano
712 1032 900 1090 Inrnasroru

215 1175 281 1233 Tua
304 1175 428 1253 quidem
452 1179 559 1250 pietaS,
582 1179 746 1252 imperator
767 1179 964 1246 sanctissime,
993 1184 1063 1251 opta

174 1299 269 1362 verat,
290 1299 325 1348 ut
346 1311 437 1368 quam
457 1291 626 1349 tardissime
649 1291 827 1349 succederes
849 1295 949 1367 patri:
970 1291 1025 1348 sed
1046 1291 1072 1347 d'

173 1406 358 1464 immortales
379 1405 601 1464 festinaverunt
621 1411 749 1465 virtutes
773 1375 841 1465 thas
865 1405 903 1462 ad
928 1407 1063 1482 guberna

174 1522 241 1578 cula
255 1526 299 1580 rei
313 1523 461 1599 publicae,
477 1543 568 1600 quam
589 1543 771 1600 susceperas,
793 1523 961 1580 admovere.
1007 1521 1063 1579 Pre

177 1652 227 1689 cor
249 1654 332 1710 ergo,
347 1643 382 1692 ut
396 1635 453 1692 tibi
468 1643 500 1691 et
513 1653 569 1711 per
590 1642 623 1692 te
648 1638 754 1711 generi
778 1634 911 1692 humano
935 1654 1059 1711 prosper

173 1754 283 1822 omnia,
297 1750 329 1807 id
344 1755 391 1808 est
405 1751 498 1827 digna
513 1751 633 1808 saeculo
647 1759 710 1821 tuo,
733 1755 922 1827 contingant.
954 1750 1074 1808 Fortem

172 1872 205 1922 te
240 1871 272 1923 ei
304 1865 440 1936 hilarem,
469 1870 634 1942 imperator
662 1870 786 1942 optime,
816 1874 848 1924 et
875 1869 1016 1942 privatim
1046 1873 1072 1921 et

172 1979 293 2055 publice
307 1990 388 2057 opto.

351 2336 382 2394 C.
408 2337 529 2394 Pmnrus
550 2337 688 2395 Turrino
710 2338 898 2396 Inrruaroru

213 2476 401 2548 Exrniunnn,
417 2477 549 2548 domine,
570 2480 668 2536 verbis
689 2499 752 2536 non
772 2499 903 2555 possum,
927 2489 1074 2558 quantum

170 2583 245 2640 mihi
274 2584 418 2659 gaudium
445 2584 593 2656 attuleris,
622 2587 704 2663 quod
731 2605 780 2643 me
804 2587 932 2662 dignum
960 2589 1073 2663 putasti

171 2692 235 2747 iure
250 2693 343 2746 trium
356 2688 527 2747 liberorum.
571 2689 716 2762 Quamvis
741 2695 822 2748 enim
849 2692 906 2749 luli
928 2692 1073 2761 Serviani,

170 2798 277 2871 optimi
301 2799 356 2851 viri
380 2799 486 2873 tuique
512 2801 717 2867 amantissimi,
740 2799 879 2873 precibus
903 2799 1072 2866 indulseris,

203 2957 216 2980 ⁰
233 2948 331 3009 Nerva,
341 2949 401 2998 who
410 2950 462 3000 had
472 2950 587 3016 adopted
595 2951 693 3014 Trajan
705 2952 780 3002 three
793 2953 899 3002 months
910 2955 1070 3018 previously,

170 3013 232 3063 died
250 3030 284 3063 on
301 3014 361 3064 Jan.
381 3017 422 3074 28,
440 3018 471 3066 98
489 3030 545 3066 nn.
582 3016 680 3079 Trajan
698 3018 818 3067 received
835 3018 881 3067 the
898 3034 972 3068 news
988 3020 1019 3068 oi
1036 3021 1072 3068 his

173 3125 230 3180 274
