2160 3438
325 244 414 304 THE
443 242 627 317 LETTERS
656 245 712 304 OF
739 239 863 302 PLINY

544 529 648 588 LVIII

323 690 354 748 C.
379 689 500 746 Parmos
521 689 659 746 Tnarauo
682 688 870 745 Inesnarom

187 848 255 905 Cun
290 851 416 904 citarem
453 846 577 918 iudices,
612 846 745 916 domine,
780 853 969 903 conventum
1011 849 1052 902 in-

146 953 318 1024 choaturus,
354 953 473 1010 Flavius
508 953 681 1030 Archippus
716 956 905 1010 vacationem
947 951 1061 1029 petere

147 1065 248 1136 coepit
270 1069 305 1118 ut
329 1059 535 1137 philosophus
578 1060 724 1129 Fuerunt,
748 1064 800 1137 qui
825 1059 969 1118 dicerent
995 1081 1051 1116 non

146 1167 337 1225 liberandum
362 1188 432 1225 eum
454 1167 607 1224 Iudicandi
632 1171 824 1237 necessitate,
849 1165 903 1224 sed
929 1173 1052 1224 omnino

148 1275 318 1333 tollendum
363 1275 403 1333 de
447 1276 582 1333 iudicum
627 1294 754 1332 numero
798 1274 1052 1353 reddendumque

148 1405 275 1461 poenae,
300 1403 390 1461 quam
417 1382 521 1441 fractis
548 1383 675 1441 vinculis
704 1387 854 1441 evasisset.
914 1382 1052 1441 Recitata

149 1499 197 1549 est
210 1495 364 1548 sententia
379 1490 458 1548 Velii
473 1489 558 1547 Pauli
572 1489 767 1567 proconsulis,
790 1509 849 1567 qua
869 1489 1052 1566 probabatur

150 1597 322 1674 Archippus
336 1601 462 1654 crimine
477 1596 544 1654 falsi
558 1597 719 1654 damnatus
735 1600 768 1654 in
783 1596 954 1655 metallum.
1002 1598 1052 1656 llle

150 1705 225 1762 nihil
257 1705 440 1782 proferebat,
468 1724 528 1781 quo
556 1708 732 1763 restitutum
759 1725 792 1763 se
823 1704 970 1773 doceret;
1005 1705 1053 1763 ad-

150 1814 273 1889 legabat
307 1820 411 1869 tamen
446 1831 500 1888 pro
528 1815 721 1870 restitutione
749 1818 782 1870 et
810 1811 951 1869 libellum
979 1834 998 1868 a
1025 1833 1052 1869 sc

152 1921 326 1978 Domitiano
340 1918 445 1976 datum
461 1926 493 1975 et
507 1918 652 1995 epistulas
666 1919 783 1977 eiusad
797 1918 946 1976 honorem
970 1941 1052 1978 suurn

150 2031 341 2103 pertinentes
363 2034 396 2083 et
416 2025 574 2083 decretum
599 2025 798 2084 Prusensium.
843 2024 992 2084 Addebat
1014 2027 1053 2083 his

152 2141 184 2190 et
206 2142 273 2191 tuas
297 2133 416 2191 litteras
440 2138 565 2210 scriptas
588 2135 653 2204 sibi,
677 2133 811 2190 addebat
833 2140 866 2190 et
889 2139 986 2209 patris
1014 2137 1053 2190 tni

152 2242 286 2299 edictum
311 2249 344 2299 et
365 2241 536 2318 epiStulam‚
550 2244 658 2319 quibus
681 2241 887 2298 confirmasset
911 2241 1054 2298 beneficia

152 2368 170 2404 a
200 2347 374 2405 Domitiano
402 2348 481 2406 data.
539 2347 658 2425 Itaque,
685 2353 821 2425 quamvis
848 2347 951 2404 eidem
988 2348 1054 2404 talia

153 2459 278 2511 crimIna
312 2455 545 2531 applicarentur,
575 2455 649 2511 nihil
684 2453 913 2512 decernendum
945 2459 1054 2531 putavi,

153 2562 251 2618 donec
265 2569 298 2618 te
312 2562 501 2619 consulerem
522 2562 561 2619 de
583 2581 628 2632 e0,
644 2562 725 2638 quod
745 2561 820 2618 mihi
839 2565 1055 2619 constitutione

153 2677 207 2726 tua
234 2668 362 2743 dignum
390 2668 557 2726 videbatur.
615 2670 669 2740 Ea,
698 2689 776 2746 quae
804 2677 875 2727 sunt
904 2673 1054 2744 utrimque

155 2780 290 2844 recitata,
306 2773 353 2832 his
367 2774 478 2833 litteris
493 2777 614 2832 subieci.

86 2976 88 2980 Ι
156 2921 200 3038 (H'¹
217 2913 291 3035 Tdhel
311 2885 570 2977 probablfdeereed
593 2913 647 2963 him
668 2932 684 2963 a
707 2921 805 2976 statue,
830 2916 863 2976 cs.
886 2916 980 2966 Lettcr
1001 2914 1049 2962 tx.

196 2993 225 3024 ar
244 2993 270 3040 y.

159 3197 218 3253 350
