<?xml version="1.0" encoding="UTF-8"?>
<!DOCTYPE html PUBLIC "-//W3C//DTD XHTML 1.0 Transitional//EN"
    "http://www.w3.org/TR/xhtml1/DTD/xhtml1-transitional.dtd">
<html xmlns="http://www.w3.org/1999/xhtml" xml:lang="en" lang="en">
 <head>
  <title>
</title>
<meta http-equiv="Content-Type" content="text/html;charset=utf-8" />
  <meta name='ocr-system' content='tesseract 3.04.00' />
  <meta name='ocr-capabilities' content='ocr_page ocr_carea ocr_par ocr_line ocrx_word'/>
</head>
<body>
  <div class='ocr_page' id='page_1' title='image "./letters01hutcgoog_0294.png"; bbox 0 0 2160 3438; ppageno 0'>
   <div class='ocr_carea' id='block_1_1' title="bbox 317 211 855 272">
    <p class='ocr_par' dir='ltr' id='par_1_1' title="bbox 317 211 855 272">
     <span class='ocr_line' id='line_1_1' title="bbox 317 211 855 272; baseline -0.002 -2"><span class='ocrx_word' id='word_1_1' title='bbox 317 213 405 270; x_wconf 90' lang='lat' dir='ltr'><strong>THE</strong></span> <span class='ocrx_word' id='word_1_2' title='bbox 435 212 618 272; x_wconf 87' lang='lat' dir='ltr'>LETTERS</span> <span class='ocrx_word' id='word_1_3' title='bbox 647 212 702 272; x_wconf 90' lang='lat' dir='ltr'><strong>OF</strong></span> <span class='ocrx_word' id='word_1_4' title='bbox 729 211 855 270; x_wconf 91' lang='lat' dir='ltr'>PLINY</span> 
     </span>
    </p>
   </div>
   <div class='ocr_carea' id='block_1_2' title="bbox 134 336 1041 445">
    <p class='ocr_par' dir='ltr' id='par_1_2' title="bbox 134 336 1041 445">
     <span class='ocr_line' id='line_1_2' title="bbox 134 336 1041 445; baseline -0.003 -19"><span class='ocrx_word' id='word_1_5' title='bbox 134 336 239 426; x_wconf 56' lang='lat' dir='ltr'><strong>&#39;tamen</strong></span> <span class='ocrx_word' id='word_1_6' title='bbox 273 371 366 425; x_wconf 89' lang='lat' dir='ltr'><strong>etiarn</strong></span> <span class='ocrx_word' id='word_1_7' title='bbox 394 387 432 424; x_wconf 84' lang='lat' dir='ltr'><strong>ex</strong></span> <span class='ocrx_word' id='word_1_8' title='bbox 459 371 606 445; x_wconf 87' lang='lat' dir='ltr'><strong>rescripto</strong></span> <span class='ocrx_word' id='word_1_9' title='bbox 633 366 780 444; x_wconf 84' lang='lat' dir='ltr'><strong>intellego</strong></span> <span class='ocrx_word' id='word_1_10' title='bbox 806 367 956 425; x_wconf 90' lang='lat' dir='ltr'><strong>libentius</strong></span> <span class='ocrx_word' id='word_1_11' title='bbox 986 367 1041 423; x_wconf 88' lang='lat' dir='ltr'><strong>hoc</strong></span> 
     </span>
    </p>
   </div>
   <div class='ocr_carea' id='block_1_3' title="bbox 132 483 1043 1483">
    <p class='ocr_par' dir='ltr' id='par_1_3' title="bbox 132 483 1043 1483">
     <span class='ocr_line' id='line_1_3' title="bbox 134 483 1042 562; baseline -0.002 -20"><span class='ocrx_word' id='word_1_12' title='bbox 134 489 162 542; x_wconf 87' lang='lat' dir='ltr'><strong>ei</strong></span> <span class='ocrx_word' id='word_1_13' title='bbox 190 493 223 542; x_wconf 91' lang='lat' dir='ltr'><strong>te</strong></span> <span class='ocrx_word' id='word_1_14' title='bbox 251 488 447 562; x_wconf 83' lang='lat' dir='ltr'><strong>praestitisse,</strong></span> <span class='ocrx_word' id='word_1_15' title='bbox 476 489 546 562; x_wconf 92' lang='lat' dir='ltr'><strong>quia</strong></span> <span class='ocrx_word' id='word_1_16' title='bbox 573 505 629 562; x_wconf 88' lang='lat' dir='ltr'><strong>pro</strong></span> <span class='ocrx_word' id='word_1_17' title='bbox 656 504 715 556; x_wconf 18' lang='lat' dir='ltr'><strong>mer</strong></span> <span class='ocrx_word' id='word_1_18' title='bbox 733 484 867 560; x_wconf 85' lang='lat' dir='ltr'><strong>rogabat.</strong></span> <span class='ocrx_word' id='word_1_19' title='bbox 927 483 1042 541; x_wconf 91' lang='lat' dir='ltr'><strong>Videor</strong></span> 
     </span>
     <span class='ocr_line' id='line_1_4' title="bbox 134 602 1043 677; baseline -0.002 -20"><span class='ocrx_word' id='word_1_20' title='bbox 134 620 206 677; x_wconf 86' lang='lat' dir='ltr'><strong>ergo</strong></span> <span class='ocrx_word' id='word_1_21' title='bbox 229 620 376 657; x_wconf 88' lang='lat' dir='ltr'><strong>summam</strong></span> <span class='ocrx_word' id='word_1_22' title='bbox 399 604 460 658; x_wconf 92' lang='lat' dir='ltr'><strong>voti</strong></span> <span class='ocrx_word' id='word_1_23' title='bbox 477 604 537 657; x_wconf 91' lang='lat' dir='ltr'><strong>mei</strong></span> <span class='ocrx_word' id='word_1_24' title='bbox 556 607 746 671; x_wconf 69' lang='lat' dir='ltr'><strong>consecutus</strong></span> <span class='ocrx_word' id='word_1_25' title='bbox 761 619 829 656; x_wconf 92' lang='lat' dir='ltr'><strong>cum</strong></span> <span class='ocrx_word' id='word_1_26' title='bbox 850 602 933 656; x_wconf 91' lang='lat' dir='ltr'><strong>inter</strong></span> <span class='ocrx_word' id='word_1_27' title='bbox 954 603 1043 658; x_wconf 89' lang='lat' dir='ltr'><strong>initia</strong></span> 
     </span>
     <span class='ocr_line' id='line_1_5' title="bbox 132 715 1043 793; baseline 0.001 -21"><span class='ocrx_word' id='word_1_28' title='bbox 132 715 298 774; x_wconf 84' lang='lat' dir='ltr'><strong>felicissimi</strong></span> <span class='ocrx_word' id='word_1_29' title='bbox 332 720 519 793; x_wconf 80' lang='lat' dir='ltr'><strong>principatus</strong></span> <span class='ocrx_word' id='word_1_30' title='bbox 546 720 592 774; x_wconf 92' lang='lat' dir='ltr'><strong>tui</strong></span> <span class='ocrx_word' id='word_1_31' title='bbox 620 717 791 792; x_wconf 87' lang='lat' dir='ltr'><strong>probaveris</strong></span> <span class='ocrx_word' id='word_1_32' title='bbox 826 735 876 772; x_wconf 89' lang='lat' dir='ltr'><strong>me</strong></span> <span class='ocrx_word' id='word_1_33' title='bbox 911 715 953 772; x_wconf 90' lang='lat' dir='ltr'><strong>ad</strong></span> <span class='ocrx_word' id='word_1_34' title='bbox 989 736 1043 792; x_wconf 89' lang='lat' dir='ltr'><strong>pe-</strong></span> 
     </span>
     <span class='ocr_line' id='line_1_6' title="bbox 133 830 1042 909; baseline 0 -21"><span class='ocrx_word' id='word_1_35' title='bbox 133 830 276 888; x_wconf 89' lang='lat' dir='ltr'><strong>culiarem</strong></span> <span class='ocrx_word' id='word_1_36' title='bbox 290 830 514 908; x_wconf 81' lang='lat' dir='ltr'><strong>indulgentiam</strong></span> <span class='ocrx_word' id='word_1_37' title='bbox 528 839 612 889; x_wconf 88' lang='lat' dir='ltr'><strong>tuam</strong></span> <span class='ocrx_word' id='word_1_38' title='bbox 626 835 781 909; x_wconf 89' lang='lat' dir='ltr'><strong>pertinere</strong></span> <span class='ocrx_word' id='word_1_39' title='bbox 794 850 801 900; x_wconf 94' lang='lat'><strong>;</strong></span> <span class='ocrx_word' id='word_1_40' title='bbox 823 849 920 907; x_wconf 88' lang='lat' dir='ltr'><strong>eoque</strong></span> <span class='ocrx_word' id='word_1_41' title='bbox 942 836 1042 908; x_wconf 88' lang='lat' dir='ltr'><strong>magis</strong></span> 
     </span>
     <span class='ocr_line' id='line_1_7' title="bbox 133 946 1042 1024; baseline 0.002 -22"><span class='ocrx_word' id='word_1_42' title='bbox 133 946 243 1004; x_wconf 91' lang='lat' dir='ltr'><strong>liberos</strong></span> <span class='ocrx_word' id='word_1_43' title='bbox 257 951 446 1023; x_wconf 90' lang='lat' dir='ltr'><strong>concupisc0‚</strong></span> <span class='ocrx_word' id='word_1_44' title='bbox 462 967 537 1024; x_wconf 92' lang='lat' dir='ltr'><strong>quos</strong></span> <span class='ocrx_word' id='word_1_45' title='bbox 551 947 663 1004; x_wconf 87' lang='lat' dir='ltr'><strong>habere</strong></span> <span class='ocrx_word' id='word_1_46' title='bbox 679 951 771 1004; x_wconf 87' lang='lat' dir='ltr'><strong>etiam</strong></span> <span class='ocrx_word' id='word_1_47' title='bbox 792 946 844 1002; x_wconf 96' lang='lat' dir='ltr'><strong>illo</strong></span> <span class='ocrx_word' id='word_1_48' title='bbox 865 951 1042 1006; x_wconf 88' lang='lat' dir='ltr'><strong>tristissimo</strong></span> 
     </span>
     <span class='ocr_line' id='line_1_8' title="bbox 134 1061 1041 1139; baseline 0.001 -20"><span class='ocrx_word' id='word_1_49' title='bbox 134 1061 253 1119; x_wconf 88' lang='lat' dir='ltr'><strong>saeculo</strong></span> <span class='ocrx_word' id='word_1_50' title='bbox 274 1061 364 1133; x_wconf 90' lang='lat' dir='ltr'><strong>volui,</strong></span> <span class='ocrx_word' id='word_1_51' title='bbox 387 1066 465 1120; x_wconf 89' lang='lat' dir='ltr'><strong>sicut</strong></span> <span class='ocrx_word' id='word_1_52' title='bbox 492 1069 579 1139; x_wconf 90' lang='lat' dir='ltr'><strong>potes</strong></span> <span class='ocrx_word' id='word_1_53' title='bbox 601 1061 719 1120; x_wconf 92' lang='lat' dir='ltr'><strong>duobus</strong></span> <span class='ocrx_word' id='word_1_54' title='bbox 741 1066 941 1120; x_wconf 80' lang='lat' dir='ltr'><strong>matrimoniis</strong></span> <span class='ocrx_word' id='word_1_55' title='bbox 964 1068 1041 1120; x_wconf 89' lang='lat' dir='ltr'><strong>meis</strong></span> 
     </span>
     <span class='ocr_line' id='line_1_9' title="bbox 133 1176 1041 1254; baseline 0 -21"><span class='ocrx_word' id='word_1_56' title='bbox 133 1177 265 1235; x_wconf 88' lang='lat' dir='ltr'><strong>credere.</strong></span> <span class='ocrx_word' id='word_1_57' title='bbox 310 1176 371 1234; x_wconf 89' lang='lat' dir='ltr'><strong>Sed</strong></span> <span class='ocrx_word' id='word_1_58' title='bbox 385 1177 416 1235; x_wconf 93' lang='lat' dir='ltr'><strong>di</strong></span> <span class='ocrx_word' id='word_1_59' title='bbox 430 1177 548 1248; x_wconf 89' lang='lat' dir='ltr'><strong>melius,</strong></span> <span class='ocrx_word' id='word_1_60' title='bbox 570 1180 621 1254; x_wconf 94' lang='lat' dir='ltr'><strong>qui</strong></span> <span class='ocrx_word' id='word_1_61' title='bbox 642 1180 743 1233; x_wconf 91' lang='lat' dir='ltr'><strong>omnia</strong></span> <span class='ocrx_word' id='word_1_62' title='bbox 763 1180 883 1252; x_wconf 89' lang='lat' dir='ltr'><strong>integra</strong></span> <span class='ocrx_word' id='word_1_63' title='bbox 907 1177 1041 1235; x_wconf 86' lang='lat' dir='ltr'><strong>bonitati</strong></span> 
     </span>
     <span class='ocr_line' id='line_1_10' title="bbox 133 1290 1040 1368; baseline 0.001 -21"><span class='ocrx_word' id='word_1_64' title='bbox 133 1299 204 1348; x_wconf 90' lang='lat' dir='ltr'><strong>tuae</strong></span> <span class='ocrx_word' id='word_1_65' title='bbox 232 1299 444 1360; x_wconf 89' lang='lat' dir='ltr'><strong>reservarunt;</strong></span> <span class='ocrx_word' id='word_1_66' title='bbox 474 1292 585 1349; x_wconf 91' lang='lat' dir='ltr'><strong>maluil</strong></span> <span class='ocrx_word' id='word_1_67' title='bbox 610 1290 667 1348; x_wconf 93' lang='lat' dir='ltr'><strong>hoc</strong></span> <span class='ocrx_word' id='word_1_68' title='bbox 692 1295 793 1368; x_wconf 90' lang='lat' dir='ltr'><strong>potius</strong></span> <span class='ocrx_word' id='word_1_69' title='bbox 820 1299 961 1368; x_wconf 87' lang='lat' dir='ltr'><strong>tempore</strong></span> <span class='ocrx_word' id='word_1_70' title='bbox 989 1313 1040 1348; x_wconf 88' lang='lat' dir='ltr'><strong>me</strong></span> 
     </span>
     <span class='ocr_line' id='line_1_11' title="bbox 132 1405 1039 1483; baseline 0.002 -21"><span class='ocrx_word' id='word_1_71' title='bbox 132 1413 251 1482; x_wconf 90' lang='lat' dir='ltr'><strong>patrem</strong></span> <span class='ocrx_word' id='word_1_72' title='bbox 286 1405 359 1477; x_wconf 88' lang='lat' dir='ltr'><strong>fieri,</strong></span> <span class='ocrx_word' id='word_1_73' title='bbox 395 1426 455 1483; x_wconf 90' lang='lat' dir='ltr'><strong>quo</strong></span> <span class='ocrx_word' id='word_1_74' title='bbox 490 1406 610 1464; x_wconf 90' lang='lat' dir='ltr'><strong>futurus</strong></span> <span class='ocrx_word' id='word_1_75' title='bbox 645 1426 742 1464; x_wconf 91' lang='lat' dir='ltr'><strong>essem</strong></span> <span class='ocrx_word' id='word_1_76' title='bbox 778 1415 810 1464; x_wconf 88' lang='lat' dir='ltr'><strong>et</strong></span> <span class='ocrx_word' id='word_1_77' title='bbox 847 1426 971 1465; x_wconf 90' lang='lat' dir='ltr'><strong>securus</strong></span> <span class='ocrx_word' id='word_1_78' title='bbox 1008 1417 1039 1465; x_wconf 84' lang='lat' dir='ltr'><strong>et</strong></span> 
     </span>
    </p>
   </div>
   <div class='ocr_carea' id='block_1_4' title="bbox 132 1520 214 1579">
    <p class='ocr_par' dir='ltr' id='par_1_4' title="bbox 132 1520 214 1579">
     <span class='ocr_line' id='line_1_12' title="bbox 132 1520 214 1579; baseline -0.037 0"><span class='ocrx_word' id='word_1_79' title='bbox 132 1520 214 1579; x_wconf 84' lang='lat' dir='ltr'><strong>felix.</strong></span> 
     </span>
    </p>
   </div>
   <div class='ocr_carea' id='block_1_5' title="bbox 541 1730 619 1789">
    <p class='ocr_par' dir='ltr' id='par_1_5' title="bbox 541 1730 619 1789">
     <span class='ocr_line' id='line_1_13' title="bbox 541 1730 619 1789; baseline -0.013 -1"><span class='ocrx_word' id='word_1_80' title='bbox 541 1730 589 1789; x_wconf 92' lang='grc' dir='ltr'><strong>ΙΙΙ</strong></span> <span class='ocrx_word' id='word_1_81' title='bbox 601 1751 619 1787; x_wconf 74' lang='lat' dir='ltr'><strong>a</strong></span> 
     </span>
    </p>
   </div>
   <div class='ocr_carea' id='block_1_6' title="bbox 199 1871 851 1930">
    <p class='ocr_par' dir='ltr' id='par_1_6' title="bbox 199 1871 851 1930">
     <span class='ocr_line' id='line_1_14' title="bbox 199 1871 851 1930; baseline 0.003 -2"><span class='ocrx_word' id='word_1_82' title='bbox 199 1892 202 1900; x_wconf 62' lang='lat'><strong><em>⁴</em></strong></span> <span class='ocrx_word' id='word_1_83' title='bbox 308 1872 339 1929; x_wconf 93' lang='lat' dir='ltr'><strong>C.</strong></span> <span class='ocrx_word' id='word_1_84' title='bbox 364 1872 485 1930; x_wconf 80' lang='lat' dir='ltr'><strong>Punuus</strong></span> <span class='ocrx_word' id='word_1_85' title='bbox 506 1871 645 1930; x_wconf 73' lang='lat' dir='ltr'><strong>Tnarnuo</strong></span> <span class='ocrx_word' id='word_1_86' title='bbox 663 1872 851 1930; x_wconf 73' lang='lat' dir='ltr'><strong>Inrunnroru</strong></span> 
     </span>
    </p>
   </div>
   <div class='ocr_carea' id='block_1_7' title="bbox 132 2011 1036 2546">
    <p class='ocr_par' dir='ltr' id='par_1_7' title="bbox 132 2011 1036 2546">
     <span class='ocr_line' id='line_1_15' title="bbox 175 2011 1036 2089; baseline 0.002 -21"><span class='ocrx_word' id='word_1_87' title='bbox 175 2011 224 2069; x_wconf 78' lang='lat' dir='ltr'><strong>Ur</strong></span> <span class='ocrx_word' id='word_1_88' title='bbox 264 2016 394 2088; x_wconf 89' lang='lat' dir='ltr'><strong>primum</strong></span> <span class='ocrx_word' id='word_1_89' title='bbox 436 2033 495 2084; x_wconf 91' lang='lat' dir='ltr'><strong>me,</strong></span> <span class='ocrx_word' id='word_1_90' title='bbox 534 2013 666 2083; x_wconf 90' lang='lat' dir='ltr'><strong>domine,</strong></span> <span class='ocrx_word' id='word_1_91' title='bbox 702 2012 895 2089; x_wconf 83' lang='lat' dir='ltr'><strong>indulgentia</strong></span> <span class='ocrx_word' id='word_1_92' title='bbox 937 2022 1036 2072; x_wconf 91' lang='lat' dir='ltr'><strong>vestra</strong></span> 
     </span>
     <span class='ocr_line' id='line_1_16' title="bbox 132 2127 1036 2206; baseline 0.004 -22"><span class='ocrx_word' id='word_1_93' title='bbox 132 2133 282 2204; x_wconf 91' lang='lat' dir='ltr'><strong>promovit</strong></span> <span class='ocrx_word' id='word_1_94' title='bbox 302 2128 341 2185; x_wconf 93' lang='lat' dir='ltr'><strong>ad</strong></span> <span class='ocrx_word' id='word_1_95' title='bbox 362 2129 583 2206; x_wconf 81' lang='lat' dir='ltr'><strong>praefecturam</strong></span> <span class='ocrx_word' id='word_1_96' title='bbox 606 2132 711 2186; x_wconf 88' lang='lat' dir='ltr'><strong>aerarii</strong></span> <span class='ocrx_word' id='word_1_97' title='bbox 735 2127 867 2199; x_wconf 87' lang='lat' dir='ltr'><strong>Saturni,</strong></span> <span class='ocrx_word' id='word_1_98' title='bbox 896 2131 1036 2188; x_wconf 91' lang='lat' dir='ltr'><strong>omnibus</strong></span> 
     </span>
     <span class='ocr_line' id='line_1_17' title="bbox 132 2240 1035 2319; baseline 0.002 -22"><span class='ocrx_word' id='word_1_99' title='bbox 132 2240 388 2312; x_wconf 84' lang='lat' dir='ltr'><strong>advocationibus,</strong></span> <span class='ocrx_word' id='word_1_100' title='bbox 430 2243 540 2319; x_wconf 91' lang='lat' dir='ltr'><strong>quibus</strong></span> <span class='ocrx_word' id='word_1_101' title='bbox 580 2241 691 2318; x_wconf 87' lang='lat' dir='ltr'><strong>alioqui</strong></span> <span class='ocrx_word' id='word_1_102' title='bbox 740 2261 904 2318; x_wconf 90' lang='lat' dir='ltr'><strong>numquam</strong></span> <span class='ocrx_word' id='word_1_103' title='bbox 954 2262 1035 2299; x_wconf 89' lang='lat' dir='ltr'><strong>eram</strong></span> 
     </span>
     <span class='ocr_line' id='line_1_18' title="bbox 132 2355 1035 2431; baseline 0.003 -20"><span class='ocrx_word' id='word_1_104' title='bbox 132 2359 301 2431; x_wconf 91' lang='lat' dir='ltr'><strong>promiscue</strong></span> <span class='ocrx_word' id='word_1_105' title='bbox 342 2355 474 2428; x_wconf 90' lang='lat' dir='ltr'><strong>functus,</strong></span> <span class='ocrx_word' id='word_1_106' title='bbox 516 2360 696 2427; x_wconf 88' lang='lat' dir='ltr'><strong>renuntiavi,</strong></span> <span class='ocrx_word' id='word_1_107' title='bbox 739 2365 774 2414; x_wconf 93' lang='lat' dir='ltr'><strong>ut</strong></span> <span class='ocrx_word' id='word_1_108' title='bbox 821 2365 887 2414; x_wconf 84' lang='lat' dir='ltr'><strong>toto</strong></span> <span class='ocrx_word' id='word_1_109' title='bbox 934 2363 1035 2414; x_wconf 91' lang='lat' dir='ltr'><strong>animo</strong></span> 
     </span>
     <span class='ocr_line' id='line_1_19' title="bbox 132 2469 1034 2546; baseline 0.002 -20"><span class='ocrx_word' id='word_1_110' title='bbox 132 2469 276 2546; x_wconf 88' lang='lat' dir='ltr'><strong>delegato</strong></span> <span class='ocrx_word' id='word_1_111' title='bbox 289 2469 364 2526; x_wconf 92' lang='lat' dir='ltr'><strong>mihi</strong></span> <span class='ocrx_word' id='word_1_112' title='bbox 385 2471 480 2528; x_wconf 89' lang='lat' dir='ltr'><strong>officio</strong></span> <span class='ocrx_word' id='word_1_113' title='bbox 501 2490 647 2528; x_wconf 87' lang='lat' dir='ltr'><strong>vacarem.</strong></span> <span class='ocrx_word' id='word_1_114' title='bbox 691 2471 760 2542; x_wconf 82' lang='lat' dir='ltr'><strong>Qua</strong></span> <span class='ocrx_word' id='word_1_115' title='bbox 781 2491 818 2528; x_wconf 87' lang='lat' dir='ltr'><strong>ex</strong></span> <span class='ocrx_word' id='word_1_116' title='bbox 843 2491 940 2542; x_wconf 91' lang='lat' dir='ltr'><strong>causa,</strong></span> <span class='ocrx_word' id='word_1_117' title='bbox 966 2493 1034 2529; x_wconf 84' lang='lat' dir='ltr'><strong>curn</strong></span> 
     </span>
    </p>
   </div>
   <div class='ocr_carea' id='block_1_8' title="bbox 132 2586 1033 2663">
    <p class='ocr_par' dir='ltr' id='par_1_8' title="bbox 132 2586 1033 2663">
     <span class='ocr_line' id='line_1_20' title="bbox 132 2586 1033 2663; baseline 0.004 -23"><span class='ocrx_word' id='word_1_118' title='bbox 132 2592 293 2660; x_wconf 87' lang='lat' dir='ltr'><strong>patronum</strong></span> <span class='ocrx_word' id='word_1_119' title='bbox 307 2605 356 2642; x_wconf 90' lang='lat' dir='ltr'><strong>me</strong></span> <span class='ocrx_word' id='word_1_120' title='bbox 377 2586 574 2662; x_wconf 91' lang='lat' dir='ltr'><strong>provinciales</strong></span> <span class='ocrx_word' id='word_1_121' title='bbox 599 2594 755 2663; x_wconf 84' lang='lat' dir='ltr'><strong>optassent</strong></span> <span class='ocrx_word' id='word_1_122' title='bbox 776 2595 881 2645; x_wconf 86' lang='lat' dir='ltr'><strong>contra</strong></span> <span class='ocrx_word' id='word_1_123' title='bbox 905 2588 1033 2644; x_wconf 89' lang='lat' dir='ltr'><strong>Marium</strong></span> 
     </span>
    </p>
   </div>
   <div class='ocr_carea' id='block_1_9' title="bbox 230 2724 933 2788">
    <p class='ocr_par' dir='ltr' id='par_1_9' title="bbox 230 2724 933 2788">
     <span class='ocr_line' id='line_1_21' title="bbox 230 2724 933 2788; baseline 0.004 -15"><span class='ocrx_word' id='word_1_124' title='bbox 230 2724 238 2754; x_wconf 93' lang='lat'><strong>¹</strong></span> <span class='ocrx_word' id='word_1_125' title='bbox 256 2725 337 2774; x_wconf 88' lang='lat' dir='ltr'><strong>malui</strong></span> <span class='ocrx_word' id='word_1_126' title='bbox 349 2725 398 2774; x_wconf 76' lang='lat' dir='ltr'><strong>Aa.</strong></span> <span class='ocrx_word' id='word_1_127' title='bbox 413 2741 439 2784; x_wconf 82' lang='lat' dir='ltr'><strong>a,</strong></span> <span class='ocrx_word' id='word_1_128' title='bbox 453 2725 561 2788; x_wconf 73' lang='lat' dir='ltr'><strong>Bipom,</strong></span> <span class='ocrx_word' id='word_1_129' title='bbox 574 2725 690 2776; x_wconf 88' lang='lat' dir='ltr'><strong>maluere</strong></span> <span class='ocrx_word' id='word_1_130' title='bbox 702 2725 814 2786; x_wconf 70' lang='lat' dir='ltr'><strong>Ernesti,</strong></span> <span class='ocrx_word' id='word_1_131' title='bbox 828 2727 933 2778; x_wconf 71' lang='lat' dir='ltr'><strong>Miller.</strong></span> 
     </span>
    </p>
   </div>
   <div class='ocr_carea' id='block_1_10' title="bbox 133 2852 1031 3116">
    <p class='ocr_par' dir='ltr' id='par_1_10' title="bbox 166 2852 989 2920">
     <span class='ocr_line' id='line_1_22' title="bbox 166 2852 989 2920; baseline 0.006 -20"><span class='ocrx_word' id='word_1_132' title='bbox 166 2861 178 2883; x_wconf 72' lang='lat'><em>⁶</em></span> <span class='ocrx_word' id='word_1_133' title='bbox 195 2852 229 2901; x_wconf 78' lang='lat' dir='ltr'><strong>Ol</strong></span> <span class='ocrx_word' id='word_1_134' title='bbox 240 2852 384 2902; x_wconf 84' lang='lat' dir='ltr'><strong>Domitian.</strong></span> <span class='ocrx_word' id='word_1_135' title='bbox 421 2853 461 2902; x_wconf 90' lang='lat' dir='ltr'><strong>On</strong></span> <span class='ocrx_word' id='word_1_136' title='bbox 474 2854 574 2918; x_wconf 86' lang='lat' dir='ltr'><strong>Pliny&#39;s</strong></span> <span class='ocrx_word' id='word_1_137' title='bbox 587 2855 728 2920; x_wconf 78' lang='lat' dir='ltr'><strong>marriages</strong></span> <span class='ocrx_word' id='word_1_138' title='bbox 739 2871 782 2904; x_wconf 85' lang='lat' dir='ltr'><strong>see</strong></span> <span class='ocrx_word' id='word_1_139' title='bbox 794 2854 989 2905; x_wconf 85' lang='lat' dir='ltr'><strong>Introduction.</strong></span> 
     </span>
    </p>

    <p class='ocr_par' dir='ltr' id='par_1_11' title="bbox 133 2917 1031 3116">
     <span class='ocr_line' id='line_1_23' title="bbox 166 2917 1031 2984; baseline 0.007 -19"><span class='ocrx_word' id='word_1_140' title='bbox 166 2917 175 2947; x_wconf 72' lang='lat'><em>⁶</em></span> <span class='ocrx_word' id='word_1_141' title='bbox 192 2917 248 2965; x_wconf 69' lang='grc' dir='ltr'><strong>Τὴε</strong></span> <span class='ocrx_word' id='word_1_142' title='bbox 260 2918 322 2982; x_wconf 90' lang='lat' dir='ltr'><strong>only</strong></span> <span class='ocrx_word' id='word_1_143' title='bbox 334 2917 424 2980; x_wconf 88' lang='lat' dir='ltr'><strong>publio</strong></span> <span class='ocrx_word' id='word_1_144' title='bbox 433 2923 555 2984; x_wconf 81' lang='lat' dir='ltr'><strong>treasury</strong></span> <span class='ocrx_word' id='word_1_145' title='bbox 564 2919 634 2970; x_wconf 88' lang='lat' dir='ltr'><strong>until</strong></span> <span class='ocrx_word' id='word_1_146' title='bbox 647 2920 693 2969; x_wconf 88' lang='lat' dir='ltr'><strong>the</strong></span> <span class='ocrx_word' id='word_1_147' title='bbox 705 2921 770 2969; x_wconf 84' lang='lat' dir='ltr'><strong>time</strong></span> <span class='ocrx_word' id='word_1_148' title='bbox 779 2920 808 2968; x_wconf 76' lang='lat' dir='ltr'><strong>oi</strong></span> <span class='ocrx_word' id='word_1_149' title='bbox 815 2921 963 2984; x_wconf 81' lang='lat' dir='ltr'><strong>Augustus,</strong></span> <span class='ocrx_word' id='word_1_150' title='bbox 974 2922 1031 2971; x_wconf 85' lang='lat' dir='ltr'><strong>who</strong></span> 
     </span>
     <span class='ocr_line' id='line_1_24' title="bbox 133 2981 1031 3042; baseline 0.008 -14"><span class='ocrx_word' id='word_1_151' title='bbox 133 2981 238 3030; x_wconf 83' lang='lat' dir='ltr'><strong>created</strong></span> <span class='ocrx_word' id='word_1_152' title='bbox 257 2988 311 3031; x_wconf 87' lang='lat' dir='ltr'><strong>two</strong></span> <span class='ocrx_word' id='word_1_153' title='bbox 322 2982 420 3042; x_wconf 82' lang='lat' dir='ltr'><strong>others,</strong></span> <span class='ocrx_word' id='word_1_154' title='bbox 432 2984 498 3032; x_wconf 81' lang='lat' dir='ltr'><strong>with</strong></span> <span class='ocrx_word' id='word_1_155' title='bbox 516 3000 543 3033; x_wconf 85' lang='lat' dir='ltr'><strong>se</strong></span> <span class='ocrx_word' id='word_1_156' title='bbox 579 2989 637 3033; x_wconf 82' lang='lat' dir='ltr'><strong>rate</strong></span> <span class='ocrx_word' id='word_1_157' title='bbox 654 3000 759 3034; x_wconf 82' lang='lat' dir='ltr'><strong>sources</strong></span> <span class='ocrx_word' id='word_1_158' title='bbox 775 2985 803 3033; x_wconf 81' lang='lat' dir='ltr'><strong>of</strong></span> <span class='ocrx_word' id='word_1_159' title='bbox 820 3001 940 3035; x_wconf 81' lang='lat' dir='ltr'><strong>ravenue.</strong></span> <span class='ocrx_word' id='word_1_160' title='bbox 977 2987 1031 3036; x_wconf 88' lang='lat' dir='ltr'><strong>The</strong></span> 
     </span>
     <span class='ocr_line' id='line_1_25' title="bbox 133 3045 1030 3116; baseline 0.009 -24"><span class='ocrx_word' id='word_1_161' title='bbox 133 3045 267 3094; x_wconf 82' lang='lat' dir='ltr'><strong>aerarium</strong></span> <span class='ocrx_word' id='word_1_162' title='bbox 278 3046 388 3094; x_wconf 70' lang='lat' dir='ltr'><strong>Saturni</strong></span> <span class='ocrx_word' id='word_1_163' title='bbox 399 3049 438 3106; x_wconf 85' lang='lat' dir='ltr'><strong>(so</strong></span> <span class='ocrx_word' id='word_1_164' title='bbox 450 3048 534 3096; x_wconf 85' lang='lat' dir='ltr'><strong>called</strong></span> <span class='ocrx_word' id='word_1_165' title='bbox 554 3065 610 3097; x_wconf 88' lang='lat' dir='ltr'><strong>rom</strong></span> <span class='ocrx_word' id='word_1_166' title='bbox 617 3050 653 3098; x_wconf 85' lang='lat' dir='ltr'><strong>its</strong></span> <span class='ocrx_word' id='word_1_167' title='bbox 665 3049 739 3098; x_wconf 88' lang='lat' dir='ltr'><strong>office</strong></span> <span class='ocrx_word' id='word_1_168' title='bbox 748 3049 826 3114; x_wconf 85' lang='lat' dir='ltr'><strong>being</strong></span> <span class='ocrx_word' id='word_1_169' title='bbox 837 3052 864 3098; x_wconf 91' lang='lat' dir='ltr'><strong>iu</strong></span> <span class='ocrx_word' id='word_1_170' title='bbox 876 3050 923 3100; x_wconf 84' lang='lat' dir='ltr'><strong>the</strong></span> <span class='ocrx_word' id='word_1_171' title='bbox 935 3052 1030 3116; x_wconf 83' lang='lat' dir='ltr'><strong>temple</strong></span> 
     </span>
    </p>
   </div>
   <div class='ocr_carea' id='block_1_11' title="bbox 135 3139 192 3208">
    <p class='ocr_par' dir='ltr' id='par_1_12' title="bbox 135 3139 192 3208">
     <span class='ocr_line' id='line_1_26' title="bbox 135 3139 192 3208; baseline 0 -16"><span class='ocrx_word' id='word_1_172' title='bbox 135 3139 192 3208; x_wconf 87' lang='lat'><strong>276</strong></span> 
     </span>
    </p>
   </div>
   <div class='ocr_carea' id='block_1_12' title="bbox 0 0 1084 3438">
    <p class='ocr_par' dir='ltr' id='par_1_13' title="bbox 0 0 1084 3438">
     <span class='ocr_line' id='line_1_27' title="bbox 0 0 1084 3438; baseline 0 1"><span class='ocrx_word' id='word_1_173' title='bbox 0 0 1084 3438; x_wconf 95' lang='lat' dir='ltr'><strong> </strong></span> 
     </span>
    </p>
   </div>
  </div>
 </body>
</html>
