2150 3444
292 238 381 295 'ras
410 236 594 295 tutunus
623 237 678 295 os
708 236 835 293 stiur
891 203 896 210 ’

503 468 622 526 'XCVII

420 614 575 671 Tnamuus
597 613 701 671 Punuo

152 762 261 818 Acruu
278 780 368 837 quem
386 759 530 831 debuisti,
544 764 586 816 mi
608 759 758 831 Secunde,
774 765 805 816 in
827 760 1030 819 excutiendis

111 872 207 924 causis
232 887 346 937 eorum,
372 871 423 943 qui
447 865 611 924 Christiani
634 866 673 923 ad
701 875 734 924 te
763 867 858 924 delati
888 866 1027 938 fuerant,

111 983 233 1033 secutus
248 995 288 1032 es.
334 974 442 1051 Neque
457 977 540 1031 enim
555 978 587 1030 in
608 977 783 1031 universum
797 974 925 1051 aliquid,
943 975 1025 1052 quod

111 1086 195 1160 quasi
237 1089 352 1139 certam
390 1059 517 1138 formam
556 1080 677 1152 habeat,
720 1085 864 1138 constitui
908 1090 1023 1158 potest.

113 1189 319 1266 Conquirendi
344 1209 405 1244 non
428 1195 519 1256 sunt3
541 1191 566 1245 si
587 1186 765 1245 deferantur
789 1195 822 1245 et
842 1197 1024 1265 arguantur,

112 1296 261 1373 puniendi
296 1303 377 1365 sunt,
413 1299 456 1352 ita
490 1302 604 1365 tamen,
633 1302 677 1365 ut,
705 1298 758 1371 qui
793 1299 958 1371 negaverit
992 1316 1023 1352 se
1057 1349 1058 1352 ,

113 1379 317 1461 Christianum
332 1422 397 1460 esse
412 1401 504 1478 idque
518 1421 552 1458 re
566 1406 631 1477 ipsa
644 1401 839 1458 manifestum
853 1401 979 1474 feeerit,
992 1403 1023 1459 id

113 1520 160 1569 est
188 1509 385 1586 supplicando
413 1508 470 1566 diis
498 1512 617 1580 nostriS,
645 1512 780 1587 quamvis
808 1517 971 1585 suspectus
992 1515 1022 1567 in

113 1622 312 1696 praeteritum
335 1617 437 1688 fuerit,
452 1620 571 1674 veniam
593 1636 630 1674 ex
652 1620 841 1693 paenitentia
862 1620 1020 1694 impetret.

113 1725 185 1784 Sine
199 1732 322 1781 auctore
337 1742 408 1782 vero
422 1727 566 1800 propositi
580 1722 675 1780 libelli
690 1722 775 1780 nullo
783 1727 908 1781 crimine
919 1723 1022 1783 Iocum

113 1833 226 1888 habere
241 1831 365 1888 debent.
409 1829 488 1887 Nam
502 1838 535 1888 et
550 1834 671 1907 pessimi
687 1829 829 1906 exempli,
844 1851 902 1888 nec
924 1836 1021 1890 nostri

113 1938 225 1996 saeculi
240 1945 295 1995 est.

502 2229 631 2286 XCVIII

290 2360 321 2418 C.
348 2360 467 2418 Pennus
488 2360 627 2418 Turrino
650 2361 837 2418 Iursnsronr

155 2493 420 2550 Aunsrnmuonuu
456 2497 571 2566 civitas²
599 2493 731 2565 domine,
760 2503 793 2553 et
827 2495 953 2573 elegans
988 2510 1021 2559 et

114 2598 221 2648 ornata
254 2591 348 2648 habet
377 2595 458 2649 inter
486 2595 647 2668 praecipua
674 2613 765 2668 opera
786 2593 1018 2670 pulcherrimam

115 2687 305 2764 eandemque
319 2687 524 2764 longissimam
538 2688 690 2766 plateam3
710 2695 795 2747 cuius
815 2711 833 2746 a
854 2691 949 2750 latere
963 2715 1019 2772 per

115 2787 246 2858 spatium
271 2804 361 2841 omne
383 2789 545 2861 porrigitur
566 2791 689 2846 nomine
710 2787 834 2864 quidem
848 2788 968 2863 flumen,
984 2814 1015 2852 re

116 2899 186 2935 vera
200 2879 300 2937 cloaca
314 2881 505 2950 foedissima3
526 2904 604 2961 quae
619 2889 697 2944 sicut
718 2889 814 2962 turpis
835 2893 869 2944 et
889 2891 1014 2950 immun·

114 2975 239 3031 dissima
259 2987 394 3053 aspectu,
415 2984 458 3038 ita
480 2981 627 3055 pestilens
650 2992 698 3041 est
718 2983 811 3042 odore
832 2992 1012 3048 taeterrimo.

115 3069 234 3140 Quibus
249 3091 287 3129 ex
301 3078 396 3131 causis
410 3095 472 3132 non
485 3081 585 3136 miuus
599 3079 783 3139 salubritatis
797 3101 889 3159 quam
902 3083 1013 3146 decoris

120 3177 178 3243 406

123 3296 179 3360 l
