2114 3440
300 183 388 240 THE
418 181 600 241 LETTERS
628 182 683 240 OF
713 181 840 238 PLINY

118 347 229 419 accipe.
274 341 370 417 Cupio
385 346 466 398 enim
481 349 514 398 et
528 342 583 398 tibi
599 341 759 416 probatum
774 347 807 396 et
821 339 1050 402 coheredibul

118 461 194 513 meis
209 464 385 513 excusatum
400 477 476 526 esse,
491 455 571 532 quod
587 475 636 512 me
650 457 689 512 ab
710 455 768 511 illis
790 459 902 510 maiore
930 457 991 512 offi
999 462 1050 514 cir

118 573 244 629 iubente
259 593 391 629 secerno.

159 686 319 743 Corelliam
334 708 403 744 cum
417 707 533 743 summa
547 689 719 743 reverentia
732 685 828 761 diligo
842 688 989 761 primum
1012 709 1050 745 u=

118 823 250 859 sororem
265 802 375 859 Corelli
399 803 474 872 Rufi,
490 806 573 859 cuius
588 801 662 858 mihi
676 805 821 859 memoria
835 812 1047 861 sacrosanct-

119 924 176 986 cst,
191 917 312 974 'deinde
341 925 376 974 ut
400 921 489 976 matri
516 937 603 974 meae
631 917 901 974 familiarissimam,
946 916 1022 975 Sur

121 1032 197 1089 milii
211 1040 243 1089 et
258 1053 327 1090 cum
340 1037 450 1090 marito
465 1037 538 1105 eius,
555 1034 681 1090 Minicio
705 1033 799 1103 lusto,
814 1035 930 1107 optimo
951 1035 1050 1089 viro

119 1156 223 1205 vetera
250 1153 334 1205 iura:
369 1147 495 1206 fuerunt
522 1157 555 1206 et
582 1169 651 1205 cum
686 1148 746 1204 filio
781 1152 919 1218 maxima,
948 1149 1021 1206 adt
1049 1151 1050 1176 ¹

119 1262 252 1338 quidem,
281 1271 316 1320 ut
343 1271 482 1340 praetore
517 1283 566 1320 me
601 1263 681 1320 ludis
716 1266 791 1320 meis
826 1261 1032 1348 praesederit

120 1378 217 1449 Haec,
232 1399 301 1436 cum
322 1384 457 1456 proxime
480 1384 548 1437 istic
573 1379 626 1450 fui,
649 1379 794 1437 indicavit
815 1378 890 1436 mihi
912 1399 1036 1455 cupere

119 1513 151 1550 se
166 1493 278 1570 aliquid
294 1499 371 1551 circa
387 1495 508 1552 Larium
529 1503 665 1552 nostrum
687 1495 849 1571 possidere.
893 1495 963 1571 Ego
988 1497 1038 1552 ill.

119 1628 157 1665 ex
171 1608 302 1684 praediis
316 1593 402 1680 meisJ
416 1610 497 1688 quod
511 1610 606 1669 vellet
621 1618 653 1669 et
674 1616 779 1688 quanti
802 1609 905 1681 vellet,
928 1587 1026 1693 01)ῑῷ
1031 1633 1037 1646 ’

119 1724 255 1800 erceptis
270 1725 405 1796 paternis
421 1725 649 1797 maternisque3
678 1721 724 1777 his
750 1723 832 1777 enim
853 1719 966 1777 cedere
991 1743 1036 1778 ne

119 1830 266 1887 Corelliae
295 1830 419 1907 quidem
446 1851 577 1908 possum.
623 1831 720 1907 Igitur
748 1851 817 1888 cum
852 1831 1035 1889 obvenisset

119 1940 194 1996 mihi
209 1940 373 2013 hereditas,
387 1946 419 1997 in
434 1961 493 2018 qua
506 1941 631 2018 praedia
649 1923 716 2013 ista,
731 1945 836 2017 scripsi
858 1945 885 1998 ei
907 1942 1033 1999 venalia

119 2051 229 2109 futura.
273 2052 340 2109 Has
355 2052 499 2128 epistulas
521 2053 654 2111 Hermes
675 2052 748 2110 tulit
769 2055 979 2129 exigentique‚
995 2060 1031 2110 ut

120 2137 223 2219 statirn
238 2167 408 2238 portionem
423 2182 522 2220 meam
537 2164 593 2220 sibi
609 2163 775 2233 addiceret,
790 2167 898 2239 paruit.

162 2272 263 2343 vides,
279 2292 368 2349 quarn
384 2280 482 2329 ratum
497 2273 610 2331 habere
631 2273 770 2344 debeam,
792 2272 873 2350 quod
898 2273 1028 2332 libertus

119 2402 205 2440 meus
227 2387 302 2440 meis
325 2385 457 2440 moribus
480 2388 583 2460 gessit.
628 2383 784 2460 Superest,
806 2392 840 2442 ut
860 2383 1028 2442 coheredes

120 2513 218 2572 aequo
243 2498 343 2551 animo
366 2494 467 2552 ferant
492 2499 654 2572 separatim
676 2515 725 2553 mc
746 2495 929 2566 vendidisse,
944 2497 1026 2573 quod

120 2605 193 2662 mihi
209 2605 295 2662 licuit
309 2611 432 2662 omnino
446 2626 508 2663 non
522 2606 665 2664 vendere.
709 2606 775 2663 Nec
789 2626 860 2663 vero
875 2615 1027 2682 coguntur

120 2719 231 2772 imitari
258 2736 360 2774 meum
395 2718 588 2793 exemplum;
626 2737 688 2774 non
719 2721 802 2775 enim
831 2717 889 2774 illis
918 2718 1024 2775 eadem

120 2849 188 2885 cum
211 2827 338 2884 Corellia
361 2831 433 2885 iura.
478 2828 607 2886 Possunt
629 2848 702 2904 ergo
723 2832 836 2886 intueri
857 2828 1022 2888 utilitatem

119 2958 213 3009 suam,
228 2959 282 3015 pro
296 2959 355 3016 qua
369 2939 444 2996 mihi
457 2937 516 3004 fuit
529 2943 668 2997 amicitia.
712 2940 794 2997 Vale.

121 3145 157 3202 30
