2120 3456
324 235 412 292 THE
443 233 624 293 LETTERS
653 234 708 291 OF
738 233 864 290 PLlNY

141 392 277 450 solvendi
299 400 436 467 tempora
450 362 611 467 supersint.
657 391 692 446 In
715 390 761 446 his
776 411 858 448 eram
873 396 964 462 curiS,
979 411 1031 449 eu
1052 407 1055 442 i

140 501 303 557 scriberem
327 499 365 555 ad
390 506 440 566 te;
472 518 545 575 quas
570 502 594 554 si
617 498 692 555 deus
717 498 825 575 aliquis
850 502 882 554 in
902 489 1055 574 gaudiu³

142 612 276 676 verterit,
291 607 330 667 de
346 615 430 663 metu
446 626 506 662 non
522 626 638 684 querar.
683 603 767 664 Vale.

560 839 619 897 XX

364 987 395 1044 C.
421 987 543 1043 Pmmus
568 985 681 1043 Tremo
705 985 766 1044 Suo
792 987 820 1045 S.

182 1131 302 1190 Lraauu
326 1139 413 1189 tuum
438 1132 499 1208 legi
524 1140 567 1204 et,
581 1153 671 1210 quam
693 1132 928 1208 diligentissime
950 1139 1048 1210 potui,

139 1239 291 1309 adnotavi,
316 1259 393 1316 quae
422 1240 645 1310 commutanda,
673 1259 750 1317 quae
778 1240 942 1297 eximenda
970 1243 1056 1315 arbi-⁸

139 1354 243 1404 trarer.
289 1347 367 1403 Nam
395 1355 428 1404 et
455 1367 513 1423 ego
538 1366 643 1404 verum
671 1346 773 1404 dicere
797 1346 922 1405 adsuevi
952 1357 988 1407 et
1017 1347 1057 1418 tu}

138 1453 272 1511 libenter
295 1453 408 1511 audire.
453 1454 562 1531 Neque
585 1458 666 1510 enim
689 1432 742 1511 ulli
763 1458 930 1530 patientius
945 1453 1059 1533 repre-l

138 1561 327 1632 henduntur,
341 1582 432 1638 quam
446 1566 498 1640 qui
511 1565 642 1618 maxime
655 1560 770 1619 laudari
785 1569 951 1620 merentur.

180 1667 270 1726 Nunc
295 1690 312 1725 a
332 1677 365 1726 te
387 1669 497 1727 librum
511 1689 614 1726 meum
628 1688 697 1725 oum
718 1667 967 1726 adnotationibus
992 1674 1059 1728 tuis

140 1775 291 1842 exspecto.
335 1767 364 1824 0
387 1767 544 1838 iucundaS,
558 1788 576 1823 0
599 1766 740 1844 pulchras
763 1769 861 1824 vices!
882 1786 978 1843 quarn
1002 1787 1047 1826 mr

139 1865 284 1936 delectat,
310 1865 401 1942 quod,
427 1869 532 1943 siqua
556 1869 684 1942 posteris
713 1885 783 1922 eura
806 1868 910 1935 nostri,
936 1885 1049 1945 usque·

140 1982 259 2040 quaque
285 1965 464 2034 narrabitur,
486 1983 545 2040 qua
567 1963 735 2034 concordia,
757 1961 964 2040 simplicitate,
991 1964 1050 2022 lide

140 2063 321 2120 vixerimus!
352 2062 419 2119 Erit
448 2081 547 2119 rarum
575 2069 608 2119 et
643 2065 762 2139 insigne
796 2061 872 2118 duos
906 2059 1051 2121 homines

139 2167 251 2230 aetate,
270 2160 422 2236 dignitate
443 2160 662 2237 propemodum
680 2159 831 2237 aequales,
851 2178 912 2217 non
934 2161 1053 2220 nullius

139 2262 171 2314 in
186 2257 296 2316 litteris
311 2263 441 2317 nominis
464 2262 567 2336 (cogor
581 2263 663 2317 enim
684 2258 724 2325 de,
739 2267 771 2316 te
793 2277 912 2336 quoque
928 2266 1052 2335 parcius

140 2357 251 2428 dicere,
280 2361 350 2436 quia
377 2357 416 2415 de
444 2378 493 2416 me
522 2358 610 2415 simul
639 2357 730 2432 dico),
758 2357 887 2415 alterum
920 2356 1051 2417 alterius

141 2457 240 2515 studia
264 2456 382 2514 fovisse.
427 2455 578 2535 Equidem
606 2454 862 2527 adulescentulus
888 2474 959 2511 curn
993 2463 1050 2514 iam

141 2564 175 2614 tu
205 2555 285 2612 fama
314 2555 469 2633 gloriaque
500 2555 631 2626 floreres,
661 2561 693 2610 te
722 2558 818 2631 sequi,
847 2553 903 2612 tibi
933 2553 1052 2632 ‘longo

142 2655 196 2712 sed
224 2659 376 2730 proximus
403 2652 601 2712 intervallol’
632 2661 664 2710 et
692 2672 758 2710 esse
786 2659 819 2710 et
846 2652 950 2710 baberi
978 2675 1051 2712 con·

142 2754 341 2830 eupisoebam.

183 2853 224 2909 Et
243 2861 330 2910 erant
352 2851 448 2909 multa
476 2852 638 2909 clarissima
661 2855 805 2927 ingenia;
834 2849 887 2906 sed
912 2857 948 2906 tu
974 2851 1049 2910 mihi

143 2952 198 3027 (ita
220 2950 386 3008 similitudo
408 2958 533 3008 naturae
562 2949 692 3024 ferebat)
721 2952 852 3005 maxime
880 2951 1048 3020 imitabilia,

475 3081 483 3112 ¹
501 3081 602 3131 Aeneid
616 3098 638 3131 v.
654 3082 711 3131 320.

41 3191 179 3250 „52
