2120 3456
315 247 404 304 THE
433 244 617 304 LETTERS
646 245 700 303 OF
731 239 856 302 PLINY

135 417 199 465 tate
231 415 264 464 et
286 414 371 464 metu
392 414 564 482 temporum
589 404 716 461 abolitos
745 409 867 460 senatus
892 404 1051 461 consulto

133 519 294 595 publicatis
315 520 402 575 bonis
424 521 563 586 servavit,
578 516 685 572 habuit
699 515 831 590 tulitque
848 519 878 570 in
902 493 1057 604 exsilimus·

137 630 234 688 exsilii
250 650 378 687 causam.

79 805 83 812 ,
175 740 291 798 Eadem
306 760 397 817 quam
417 737 558 808 iucunda,
573 757 663 815 quam
678 740 781 808 comis,
795 755 884 813 quam
899 736 1050 816 denique

134 851 217 930 quod
241 855 344 928 paucis
367 851 476 908 datum·
498 857 554 920 est,
577 862 639 904 non
661 853 761 904 minus
788 847 925 906 amabilis
954 870 1058 926 quam

134 963 325 1020 veneranda!
368 962 435 1019 Erit
456 981 538 1032 sane,
553 981 644 1038 quam
665 967 770 1035 postea
784 960 928 1017 uxoribus
942 970 1055 1019 osten·

134 1081 200 1130 tare
228 1076 396 1148 possimus;
432 1076 500 1142 erit,
528 1092 545 1126 a
572 1091 632 1148 qua
646 1074 702 1126 viri
717 1089 838 1147 quoque
853 1069 1056 1130 fortitudinis

135 1183 276 1262 exempla
290 1203 452 1252 sumamus,
467 1203 556 1260 quam
579 1187 620 1238 sic
642 1188 806 1239 cernentes
820 1181 1058 1261 audientesque

135 1301 281 1353 miramur
305 1303 340 1353 ut
364 1295 440 1366 illas,
466 1315 543 1372 quae
566 1294 720 1370 leguntur.
772 1292 818 1350 Ac
837 1292 912 1349 mihi
937 1294 1059 1353 domu

136 1411 200 1484 ipsa
223 1415 331 1465 nutare
355 1407 558 1483 convulsaque
581 1405 703 1463 sedibus
728 1409 788 1462 suis
811 1409 928 1462 ruitura
957 1425 1049 1482 supr·

136 1515 268 1585 videtur,
283 1514 357 1570 licet
378 1513 478 1587 adhuc
500 1521 636 1590 posteros
651 1512 770 1569 habeat.
815 1511 947 1582 Quantis
964 1519 1048 1570 enin

135 1621 297 1678 virtutibus
312 1625 494 1698 quantisque
506 1619 596 1677 factis
610 1619 825 1696 adsequentur,
840 1627 875 1676 ut
889 1618 971 1676 haec
988 1641 1058 1677 non

137 1729 300 1783 novissima
313 1726 480 1784 occiderit?

179 1834 230 1890 Me
253 1834 377 1910 quidem
401 1832 476 1891 illud
498 1837 591 1890 etiam
612 1833 730 1908 adfligit
748 1841 781 1890 et
805 1840 941 1910 torquet,
962 1836 1056 1912 quod

136 1949 266 1998 matrem
290 1945 363 2011 eiuS,
388 1940 472 1997 illam
496 1939 584 2017 (nihil
607 1959 728 2016 possum
751 1940 897 1997 illustrius
926 1939 1043 2000 dicere

1045 1942 1057 2021 v

137 2055 242 2104 tantae
257 2046 389 2104 feminae
404 2054 543 2117 matrem,
552 2065 653 2104 rursus
667 2046 772 2104 videor
785 2037 939 2118 amittere,
954 2067 1055 2124 quarn

137 2154 222 2226 haec,
246 2163 281 2212 ut
302 2153 460 2212 redditae
484 2153 580 2212 refert
603 2155 699 2224 nobis
727 2158 770 2211 sic
792 2152 912 2211 auferet
940 2173 1057 2214 secum

137 2281 248 2339 meque
280 2268 312 2319 et
337 2280 414 2318 novo
436 2263 549 2338 pariter
570 2268 603 2318 et
623 2263 748 2317 rescisso
769 2260 894 2318 vulnere
909 2260 1053 2322 adficiet.

140 2367 309 2445 Utramque
342 2366 431 2438 colui,
459 2375 619 2444 utramque
654 2366 768 2436 dilexi;
803 2374 902 2424 utram
937 2376 1055 2449 magis,

137 2479 249 2546 nescio,
260 2495 318 2532 nec
331 2474 463 2532 discerni
476 2475 628 2532 volebant.
672 2475 857 2532 Habuerunt
871 2474 969 2532 officia
980 2499 1055 2537 mea

61 2595 69 2605 '
137 2588 170 2640 in
193 2583 345 2653 secundis,
365 2581 539 2640 habuerunt
565 2586 597 2638 in
618 2581 760 2640 adversis.
811 2581 878 2658 Ego
899 2581 1055 2645 solacium

138 2690 352 2766 relegatarum,
368 2708 425 2765 ego
440 2688 522 2746 ultor
535 2708 730 2747 reversorum.
775 2689 844 2746 Non
858 2688 917 2745 feci
939 2697 1055 2753 tamen

138 2801 221 2873 paria
242 2805 335 2873 atquc
359 2815 395 2853 eo
419 2799 515 2874 magis
544 2795 621 2852 hanc
644 2800 732 2872 cupio
761 2800 881 2866 servari,
905 2803 941 2852 ut
970 2803 1054 2859 milri

188 2963 318 3076 “Plinfs
335 2963 515 3028 hyperbolical
527 2979 584 3027 way
596 2964 624 3012 of
640 2966 734 3030 saying
752 2964 830 3014 “We
842 2964 910 3014 shall
921 2971 972 3016 not
986 2970 1052 3020 look

139 3045 210 3092 upon
221 3029 268 3078 her
290 3027 334 3077 ika
345 3029 441 3092 again)
443 3028 509 3079 ’.cf
522 3029 663 3093 Tonnyson
671 3047 705 3080 on
717 3031 763 3080 the
775 3029 857 3080 death
868 3028 896 3079 oi
906 3029 955 3080 the
968 3032 1052 3088 Duke

138 3095 166 3142 oi
178 3093 397 3158 Wallington-“
407 3094 462 3142 The
475 3093 527 3142 last
538 3099 614 3158 great
627 3095 818 3161 Englishman
810 3111 833 3145 rs
845 3095 921 3146 low’'

140 3204 179 3262 50
