2162 3438
309 178 398 235 THE
421 177 605 236 LETTERS
634 177 689 235 OF
719 176 845 234 PLINY

127 339 275 417 querendi
300 358 361 395 non
382 338 593 409 auferendum,
614 356 672 395 nec
693 341 850 407 interesse,
876 341 964 395 cuius
989 357 1040 393 or-

128 434 207 491 dinis
231 437 297 510 quis
320 436 369 502 sit,
384 433 438 490 sed
461 452 553 509 quam
577 452 696 489 causam
720 431 849 499 habeat;
871 431 1041 501 Cornutus

127 527 233 585 datum
248 548 280 585 se
294 548 312 584 a
326 526 498 585 consulibus
511 535 645 584 tutorem
662 525 787 583 Helvidi
802 525 880 582 filiae
897 531 1042 602 petenti-

127 622 183 678 bus
197 629 294 678 matre
310 625 373 678 eius
388 628 420 678 et
434 623 558 689 vitrico;
579 641 661 678 nunc
674 639 795 697 quoque
809 639 871 676 non
882 624 1043 678 sustinere

127 720 267 778 deserere
289 719 375 776 officii
389 723 435 776 sui
449 726 560 794 partes,
575 723 607 776 in
621 739 681 795 quo
695 726 799 776 tamen
814 725 847 775 et
860 737 914 775 suo
936 718 1044 775 dolori

126 819 250 876 modum
272 821 427 894 imponere
442 825 475 875 et
489 821 671 894 optimarum
693 817 874 874 feminarum
896 816 1042 892 perferre

128 916 382 974 modestissimum
405 914 581 984 adfectum3
610 935 684 992 quas
709 915 868 973 contentas
894 935 963 973 esse
988 916 1041 974 ad-

127 1033 251 1071 monere
272 1022 412 1071 senatum
438 1012 553 1071 Publici
578 1013 661 1071 Certi
685 1021 829 1070 cruentae
850 1012 1041 1071 adulationis

127 1121 160 1170 et
182 1121 297 1189 petere,
312 1116 335 1169 si
350 1132 448 1188 poena
466 1111 572 1187 flagitii
593 1111 829 1169 manifestissimi
847 1114 1042 1183 remittatur,

127 1219 199 1268 nota
227 1219 310 1268 certe
338 1214 422 1288 quasi
450 1213 583 1268 censoria
611 1213 756 1268 inuratur.
810 1209 888 1266 Tum
916 1209 1041 1268 Satrius

129 1309 223 1366 Rufus
250 1309 352 1366 medio
379 1309 582 1385 ambiguoque
610 1327 749 1365 sermone
778 1307 892 1365 ‘Puto'
921 1312 1041 1384 inquit,

126 1413 283 1466 ‘iniuriam
307 1407 419 1465 factam
442 1407 576 1464 Publicio
601 1407 701 1476 Certo,
716 1410 740 1464 si
763 1425 823 1462 non
848 1405 1039 1476 absolvitur;

127 1510 299 1563 nominatus
333 1513 381 1563 est
408 1507 446 1563 ab
477 1509 580 1564 amicis
609 1505 714 1564 Arriae
743 1513 776 1562 et
805 1504 949 1575 Fanniae,
980 1526 1037 1562 no-

127 1609 258 1662 minatus
271 1605 310 1661 ab
323 1607 427 1662 amicis
440 1608 508 1662 suis.
554 1605 618 1662 Nec
635 1603 782 1662 debemus
803 1602 923 1660 solliciti
947 1623 1018 1661 esse
1032 1624 1039 1672 ;

127 1702 208 1760 idem
237 1706 319 1759 enim
346 1722 412 1772 n0S,
439 1708 492 1779 qui
526 1704 606 1760 bene
641 1706 788 1760 sentimus
822 1701 862 1759 de
897 1701 1038 1772 homine,

126 1801 286 1859 iudicaturi
315 1821 435 1870 sumus;
467 1805 491 1859 si
519 1805 665 1859 innocens
693 1809 750 1872 est,
774 1803 862 1858 sicuti
888 1809 921 1857 et
944 1821 1038 1878 spero

126 1909 158 1958 et
193 1899 280 1971 malo,
309 1900 408 1958 donec
441 1900 556 1976 aliquid
591 1901 746 1976 probetur,
773 1899 863 1956 credo
891 1904 1037 1975 poteritis

126 1998 300 2057 absolvere.’

169 2100 255 2156 Haec
270 2099 324 2170 illi,
338 2119 398 2176 quo
412 2102 540 2176 quisque
554 2099 661 2156 ordine
676 2099 855 2156 citabantur.
900 2098 1036 2156 Venitur

126 2197 165 2254 ad
193 2216 242 2254 me
254 2217 262 2266 ;
297 2217 454 2273 consurgo,
483 2205 552 2254 utor
579 2200 676 2267 initio,
704 2196 785 2273 quod
808 2200 839 2252 in
866 2195 947 2253 libro
976 2205 1035 2266 est,

159 2451 172 2474 ⁰
189 2442 213 2490 A
225 2442 300 2506 reply
317 2446 346 2491 to
363 2442 409 2490 the
426 2442 486 2506 piea
502 2441 594 2501 above,
613 2442 680 2491 solvi
690 2442 777 2500 simus,
792 2441 837 2505 qui
853 2457 1031 2504 supersumus,

126 2507 306 2621 aglpinsthaapy
328 2507 433 2621 fupltippr
452 2509 633 2622 ptrpsrtscutions
647 2507 679 2621 (pf
701 2507 830 2622 ιζ’)εηαιοῢιι,
850 2523 879 2556 so
901 2523 985 2573 many
1007 2510 1034 2559 of

127 2589 150 2622 w
171 2588 212 2621 om
308 2589 393 2622 ense
426 2589 451 2621 m
497 2590 513 2622 a
538 2590 579 2622 wa
610 2590 644 2622 un
666 2588 694 2621 er
732 2589 785 2622 omi
800 2589 850 2622 ran.

159 2638 169 2668 ὃ
186 2637 280 2686 Towar
300 2653 311 2687 s
324 2637 468 2697 Domitian,
483 2644 512 2688 at
524 2590 611 2688 whobe
623 2638 709 2688 desire
726 2639 758 2687 he
773 2637 890 2703 brought
902 2653 918 2686 a
929 2639 1031 2704 capital

126 2702 221 2766 charge
233 2703 337 2766 against
349 2703 498 2752 Helvidius.

159 2777 168 2799 ⁶
185 2767 288 2830 During
311 2768 357 2817 the
375 2768 514 2832 Republic,
535 2769 582 2817 the
600 2768 647 2817 list
667 2769 695 2817 of
714 2773 833 2818 senators
852 2784 906 2818 was
925 2771 1027 2820 revised

127 2849 191 2881 once
202 2833 229 2880 in
241 2833 292 2881 five
303 2849 380 2897 years
391 2832 427 2898 by
439 2834 485 2883 the
497 2834 616 2893 Consors,
630 2834 690 2882 who
707 2833 802 2883 affixed
820 2850 836 2882 a
853 2839 929 2883 mark
949 2839 1027 2896 (notat

127 2902 156 2946 to
168 2897 214 2945 the
226 2913 315 2946 names
326 2898 354 2946 of
366 2898 441 2947 those
452 2899 539 2948 whom
551 2899 615 2963 they
628 2899 744 2964 thought
755 2915 850 2963 proper
862 2904 891 2948 to
903 2899 1024 2966 degrade.

128 2961 234 3009 Annual
246 2963 359 3011 revision
372 2963 400 3011 oi
416 2963 462 3012 the
474 2963 528 3022 list,
542 2963 595 3012 and
607 2965 745 3028 expulsion
762 2963 790 3012 of
806 2980 858 3027 any
876 2971 984 3015 senator
1001 2973 1027 3016 at

127 3025 270 3075 discretion
290 3026 342 3076 had
352 3043 411 3076 now
419 3027 524 3077 become
537 3033 598 3092 part
606 3029 634 3077 oi
646 3029 692 3078 the
701 3029 841 3093 emperor’s
849 3033 1024 3096 prerogative,

131 3137 187 3189 ²04
