2160 3438
343 199 433 258 THE
461 199 645 260 LETTERS
674 200 728 260 OF
758 201 883 258 PLINY

161 362 237 431 lucc,
246 380 428 439 quamquam
437 360 584 418 eiusmodi
594 359 744 418 honorum
755 364 956 437 parcissimus,
966 369 1072 420 tamen

161 473 269 545 patior,
283 487 323 524 ne
344 467 506 544 impedisse
531 487 650 525 cursum
673 488 745 544 erga
766 488 816 526 me
840 471 967 545 pietatis
1001 478 1072 528 tua<

161 576 272 632 videar.

341 849 371 906 C.
397 848 517 905 Punuos
537 846 676 906 Tnarario
698 848 884 905 Insunaroru

204 993 393 1062 Exnmnnnn,
421 990 554 1061 domine,
582 989 681 1047 verbis
708 1008 771 1046 non
797 1008 929 1065 possum,
954 1001 1072 1068 quanto

162 1111 212 1149 me
240 1089 351 1168 gaudio
385 1087 556 1146 adiecerint
590 1087 739 1164 epistulae
774 1096 855 1158 tuae,
884 1105 921 1145 ex
960 1092 1072 1166 quibus

163 1192 300 1266 cognovi,
316 1196 348 1246 te
365 1187 557 1262 Harpocrati,
578 1178 748 1262 iatraliptae
768 1205 838 1243 meo
859 1189 953 1244 etiam
978 1187 1072 1246 Alex·

162 1288 321 1345 andrinam
356 1288 511 1342 civitatem
546 1285 697 1355 tribuisse,
732 1279 867 1361 quamvis
898 1287 1072 1364 secuudum

162 1389 387 1444 institutionem
409 1387 581 1459 principum
603 1403 665 1446 non
685 1390 803 1442 temere
817 1402 884 1440 eam
906 1383 983 1442 dare
1010 1407 1072 1462 pro

164 1490 320 1563 posuisses.
365 1483 439 1539 Esse
453 1490 557 1538 autem
579 1481 758 1558 Harpocran
778 1486 865 1558 νομοῦ
886 1487 1071 1558 Μεμφιτικοῡ

163 1583 264 1640 indico
285 1583 350 1639 tibi.
396 1580 480 1654 Rogo
504 1599 585 1656 ergo,
607 1579 872 1656 indulgentissime
893 1583 1070 1656 imperator,

163 1689 198 1738 ut
211 1680 286 1736 mihi
300 1678 339 1734 ad
356 1676 530 1752 Pompeium
547 1676 696 1747 Plantam,
711 1675 899 1753 praefectum
920 1679 1070 1757 Aegypti.

163 1783 292 1836 amicum
307 1785 405 1846 tuum,
420 1778 497 1831 sicut
508 1779 680 1852 promisisti,
703 1775 863 1852 epistulam
877 1779 995 1836 mittas.

204 1877 332 1934 Obviam
354 1879 461 1943 ituruS,
483 1893 543 1950 quo
567 1879 723 1944 maturius,
746 1875 879 1946 domine,
901 1883 1065 1952 exoptatis-

162 1979 229 2034 simi
257 1975 406 2032 adventus
434 1974 479 2029 tui
508 1973 619 2048 gaudio
648 1972 707 2030 frui
734 1977 855 2049 possim,
884 1993 970 2050 rogo,
1003 1996 1067 2052 per-

161 2077 265 2131 mittas
279 2072 354 2128 mihi
368 2090 458 2148 quam
473 2069 647 2146 longissime
662 2090 819 2128 occurrere
833 2072 898 2128 tibi.

589 2300 634 2359 XI

340 2447 371 2505 C.
396 2447 517 2505 Pnnrus
537 2445 676 2503 Tninno
698 2445 886 2516 lurnasronr

1058 2521 1059 2573 l

204 2596 342 2653 Pronus
377 2594 534 2651 infirmitas
568 2613 646 2664 mea,
681 2593 814 2664 domine,
842 2591 990 2668 obligavit
1019 2613 1046 2650 m

163 2703 316 2760 Postumio
332 2702 450 2758 Marino
464 2700 601 2768 medico;
622 2704 670 2757 cui
685 2718 789 2776 parem
803 2703 933 2776 gratiam
952 2698 1033 2756 refer

160 2807 307 2864 beneficio
341 2815 396 2863 tuo
429 2825 559 2882 possum,
588 2810 612 2862 si
640 2806 780 2882 precibus
814 2809 889 2863 meis
922 2825 959 2863 ex
995 2826 1029 2862 co

160 2914 321 2971 suetudine
357 2914 500 2969 bonitatis
534 2919 605 2968 tuae
640 2911 808 2970 indulseris.
868 2912 954 2988 Rogo
981 2932 1031 2986 erb

163 3165 221 3218 ²90
