2158 3436
228 230 231 234 ’
306 219 395 278 ΤΗΕ
423 220 607 279 LETTERS
635 219 690 277 OF
720 218 845 276 PLINY

125 379 228 437 bilitor
242 387 274 435 et
287 377 410 454 frangor
424 379 531 435 eadem
545 379 597 435 illa
611 378 811 448 humanitate,
826 397 903 455 quae
914 398 981 448 me,
1001 385 1038 435 ut

125 484 182 541 hoc
197 490 295 561 ipsum
309 489 530 561 permitterem,
544 485 673 542 induxit.

166 592 236 649 Non
258 593 327 650 ideo
350 599 454 649 tamen
475 593 566 648 velim
588 592 690 649 durior
712 592 783 649 fieri.
828 592 894 648 Nec
921 596 1040 669 ignoro

126 699 199 757 aiios
227 699 316 756 huius
344 699 425 756 modi
448 719 533 756 casus
558 699 633 756 nihil
658 698 786 777 amplius
809 717 915 755 vocare
938 719 1039 776 quam

126 807 271 863 damnum
296 825 393 883 eoque
421 807 477 864 sibi
504 826 630 882 magnos
654 805 792 863 homines
817 813 850 862 et
874 809 1039 882 sapientes

127 913 228 970 videri.
287 912 348 984 Qui
375 934 415 969 an
442 918 545 990 magni
573 918 787 990 sapientesque
815 917 886 984 sint,
914 919 1041 984 nescio,

126 1019 263 1076 homines
277 1039 340 1076 non
354 1028 432 1077 sunt.
478 1020 619 1078 Hominis
641 1029 688 1078 est
709 1023 791 1077 enim
812 1019 899 1077 adfici
913 1020 1039 1091 dolore,

124 1131 248 1198 sentire,
276 1131 417 1186 resistere
444 1136 548 1186 tamen
576 1137 609 1186 et
636 1129 745 1186 solacia
771 1128 947 1201 admittere,
969 1150 1040 1186 non

125 1235 240 1292 solaciis
268 1255 330 1292 non
359 1237 458 1313 egere.
502 1236 615 1293 Verum
643 1235 682 1293 de
705 1235 752 1293 his
779 1236 866 1312 plura
890 1235 1038 1308 fortasse,

125 1360 216 1417 quam
238 1342 339 1414 debui,
365 1343 418 1400 sed
444 1346 592 1419 pauciora,
615 1363 706 1420 quam
728 1343 816 1401 volui.
861 1343 917 1401 Est
946 1349 1039 1401 enim

124 1449 273 1525 quaedam
301 1455 394 1507 etiam
422 1449 546 1507 dolendi
574 1450 721 1526 voluptas,
750 1454 928 1526 praesertim
951 1454 977 1506 si
1003 1456 1039 1508 in

125 1560 213 1612 amici
234 1561 302 1614 sinu
324 1555 445 1627 defleas,
466 1556 547 1632 apud
569 1577 659 1634 quern
681 1557 811 1614 lacrimis
825 1562 886 1614 tuis
899 1558 949 1615 vel
965 1557 1038 1616 laus

125 1667 164 1720 sit
178 1671 282 1738 parata
296 1662 344 1720 vei
359 1667 453 1720 venia.
497 1663 581 1722 Vale.

528 1896 618 1953 XVII

336 2041 367 2099 C.
393 2042 514 2099 Psnnus
536 2042 681 2100 Mscnruo
701 2043 764 2101 Suo
784 2042 814 2100 S.
832 2114 836 2122 Ι

165 2197 239 2254 Nun
262 2199 329 2254 istic
353 2215 474 2274 quoque
502 2199 619 2253 immite
649 2203 681 2253 et
707 2195 863 2253 turbidum
888 2195 1034 2254 caelum?

126 2303 187 2360 Hic
201 2303 344 2360 adsiduae
359 2309 560 2378 tempestates
575 2310 607 2359 et
621 2303 726 2358 crebra
747 2300 867 2359 diluvia.
910 2300 1035 2359 Tiberis

124 2409 243 2467 alveum
272 2413 402 2467 excessit
430 2417 462 2466 et
490 2409 714 2466 demissioribus
741 2412 813 2485 ripis
841 2407 904 2464 alte
927 2427 1034 2484 super-

124 2514 270 2572 funditur.
314 2515 506 2593 Quamquam
527 2515 615 2586 fossa‚
636 2535 726 2591 quam
747 2513 1034 2591 providentissimus

124 2625 289 2697 imperator
321 2621 407 2693 fecit,
435 2622 599 2680 exhaustus
633 2625 745 2698 premit
772 2621 874 2691 valles,
908 2624 1033 2680 innatat

124 2733 246 2803 campis
275 2747 394 2804 quaque
423 2729 547 2805 planum
575 2728 681 2798 solum,
709 2746 763 2803 pro
792 2727 855 2783 solo
882 2731 1029 2785 cernitur.

126 2834 213 2905 Inde,
239 2855 317 2911 quae
345 2834 423 2892 solet
445 2834 568 2892 flumina
589 2839 725 2910 accipere
750 2842 783 2890 et
806 2837 956 2910 permixta
977 2833 1031 2892 de-

125 2939 247 3012 vehere,
270 2941 354 2999 velut
376 2944 481 3000 obvius
504 2947 610 3000 sistere
633 2946 715 3018 cogit
736 2949 828 3018 atque
849 2944 892 2998 ita
919 2941 1029 3002 alienis

124 3050 210 3122 aquis
237 3052 336 3122 operit
363 3067 459 3124 agros
474 3068 562 3125 quos
589 3053 653 3124 ipse
682 3067 743 3104 non
771 3052 879 3123 tangit.
937 3048 1028 3121 Anio,

129 3178 183 3232 142
