2160 3438
312 218 401 276 THE
431 217 614 278 LETTERS
644 219 699 278 OF
729 219 855 277 PLINY

130 381 206 433 ciam
231 381 323 438 istam
352 385 384 434 et
411 382 574 455 praecipue
603 397 653 436 eas
681 383 820 436 civitates
854 382 919 436 eius
960 379 1042 436 modi

128 481 310 540 factionibus
338 503 403 541 csse
432 493 562 542 vexatas
607 484 828 564 Quodcumque
856 505 978 543 nomen
1009 506 1043 543 ex

128 610 317 666 quacumque
332 610 420 648 causa
434 589 608 649 dederimus
622 595 667 662 iis,
679 596 730 668 qui
745 596 776 648 in
791 592 872 650 idem
888 598 1045 650 contracti

128 695 243 755 fuerint
265 697 419 755 hetaeriae
438 717 534 775 aeque
554 697 662 755 brevil
684 698 766 756 fient.
810 698 912 757 Satius
933 703 1043 777 itaque

128 811 176 862 est
201 808 366 880 comparari
389 824 434 874 ea,
456 824 533 882 quae
555 804 594 861 ad
616 805 800 863 coercendos
821 809 910 882 ignes
925 807 1043 864 auxilio

129 928 195 966 esse
210 914 336 985 possint,
351 911 569 987 admonerique
583 910 722 970 dominos
735 911 940 988 praediorum,
958 921 997 970 ut
1013 922 1042 969 et

128 1019 185 1092 ipsi
206 1016 375 1087 inhibeant,
390 1038 434 1088 ac,
456 1022 480 1074 si
506 1038 554 1074 res
576 1023 757 1093 poposcerit,
782 1039 907 1077 accursu
931 1021 1041 1097 populi

128 1123 166 1182 ad
181 1124 239 1181 hoc
253 1129 307 1182 uti.
869 1121 872 1126 ¹

518 1355 636 1412 XXXV

304 1487 335 1544 C.
359 1487 480 1544 Parmos
501 1486 640 1543 Taarano
663 1488 851 1544 lupanaronr

168 1616 321 1675 Soranum
343 1627 414 1675 vota
435 1638 489 1695 pro
511 1618 720 1678 incolumitate
742 1627 805 1691 tua,
830 1641 889 1697 qua
911 1623 1036 1697 publica

127 1712 206 1769 salus
231 1717 415 1783 continetur,
438 1721 471 1770 et
493 1718 679 1791 suscipimus
703 1715 835 1784 domine,
857 1719 976 1790 pariter
1004 1726 1036 1774 et

127 1805 279 1876 solvimus,
307 1810 422 1881 precati
450 1806 524 1864 deos
552 1815 587 1864 ut
614 1808 711 1866 velint
739 1828 775 1865 ea
803 1828 924 1884 semper
960 1811 1035 1868 solvi

128 1919 309 1977 semperque
331 1904 450 1976 signari.

511 2111 644 2168 XXXVI

436 2240 591 2300 Tauranus
614 2243 719 2301 Panno

167 2370 213 2427 Er
237 2371 358 2429 solvisse
384 2392 435 2430 vos
457 2394 526 2431 cum
550 2376 782 2451 provincialibus
803 2377 850 2434 dis
876 2381 1031 2438 immorta-

126 2464 206 2522 libus
221 2474 290 2522 vota
304 2486 359 2542 pro
376 2487 444 2524 mea
459 2469 556 2526 salute
579 2477 612 2527 et
631 2471 841 2529 incolumitate
863 2480 896 2530 et
917 2493 1033 2532 nuncu-

125 2577 212 2634 passe
235 2559 376 2632 libenter,
405 2566 447 2618 mi
476 2562 617 2621 Secunde
646 2568 807 2636 carissime,
836 2572 963 2642 cognovi
993 2591 1031 2627 ex

125 2650 235 2711 litteris
250 2659 318 2713 tuis.

268 2758 275 2787 ¹
293 2775 376 2823 saque
388 2759 462 2809 brevi
474 2761 615 2824 Liyhtsool,
629 2778 697 2827 quac
709 2763 801 2814 breves
812 2781 838 2824 a,
853 2765 883 2815 B.

155 2839 172 2894 ¹⁶
185 2839 344 2914 llicornedia
355 2868 416 2926 and,
431 2868 568 2934 probably,
583 2869 690 2932 Nicaea,
704 2872 752 2920 her
760 2873 834 2921 rival.

148 2929 169 2958 ‘⁶
186 2929 250 2978 This
268 2930 321 2979 had
339 2932 477 2996 happened
497 2935 525 2982 in
544 2935 666 2986 thecuae
686 2937 714 2986 ol
732 2954 811 3002 many
831 2938 858 2987 oi
876 2939 922 2988 the
942 2943 1029 2994 trade-

127 2992 213 3054 guilds
225 2997 254 3042 at
267 2995 355 3044 Rome.
393 2997 448 3046 Our
459 3015 517 3047 own
530 2999 628 3049 Tradcs
640 3001 742 3052 Unions
753 3003 850 3068 supply
862 3005 994 3068 parallels.

649 2845 987 2854 -—--—-.-½
994 2851 1001 2856 .

131 3162 187 3214 '520
