2170 3440
360 231 449 289 THE
478 231 662 290 LETTERS
691 230 746 288 OF
773 228 898 287 PLINY

179 389 374 448 desiderant:
417 409 476 465 ego
514 397 618 446 tamen
660 392 824 446 aestimans
865 407 978 445 novum
1021 388 1074 444 fieri

179 496 321 553 debere.
345 539 351 553 .
377 541 385 556 .
407 541 414 552 .
438 496 549 553 videris
576 495 651 551 mihi
680 494 831 551 desiderio
854 514 960 553 eorum
984 494 1074 551 indul-

179 622 251 678 gere
273 621 368 678 posse.
412 601 479 659 Erit
494 605 575 658 enim
591 606 729 678 pecunia,
744 621 781 658 ex
796 621 855 678 qua
870 599 931 670 fiat,
953 604 1074 676 primun

180 728 225 779 ea,
249 728 340 785 quam
365 728 504 766 revocare
515 710 537 764 'a
553 713 677 784 privatis
701 717 734 766 et
759 712 881 785 exigere
902 712 963 766 iam
989 712 1073 784 coepi

179 793 292 872 deinde
320 835 411 892 quam
438 819 495 891 ipsi
523 798 648 891 erogare
683 819 715 872 in
749 816 850 872 oleum
879 814 961 872 soliti
990 823 1074 892 parat

180 929 252 978 sunt
267 924 298 976 in
312 940 388 996 opus
398 921 510 979 balinei
521 921 658 979 conferre
665 941 672 990 ;
694 921 775 999 quod
786 922 896 1000 alioqui
908 929 941 978 et
952 922 1074 998 dignitas

181 1030 311 1084 civitatis
325 1034 358 1084 et
372 1026 484 1084 saeculi
498 1031 545 1085 tui
559 1031 640 1086 nitor
654 1026 796 1104 postulat.

580 1235 684 1292 XXIV

491 1365 647 1425 Tauranus
671 1368 775 1425 Purnro

223 1499 255 1558 Sr
278 1503 439 1559 instructio
452 1504 521 1558 novi
536 1500 648 1557 balinei
669 1509 830 1558 oneratura
853 1504 931 1558 vires
960 1501 1074 1560 Prusen-

182 1611 259 1664 sium
281 1615 421 1677 nonest,
443 1626 600 1683 possumus
620 1607 771 1664 desiderio
793 1627 896 1664 eorum
916 1608 1074 1686 indulgere¹

182 1714 273 1771 modo
287 1734 327 1771 ne
342 1714 416 1791 quid
431 1713 501 1771 ideo
515 1721 569 1770 aut
583 1715 776 1785 intribuatur,
792 1722 845 1772 aut
860 1718 961 1772 miuus
976 1715 1035 1772 illis
1053 1718 1073 1768 in

183 1829 338 1897 posterum
352 1820 457 1879 fiatad
471 1824 654 1878 necessarias
669 1825 869 1897 erogationes

588 2029 675 2087 XXV

338 2183 340 2189 ·
363 2161 394 2219 C.
419 2157 697 2230 Pu1n1usTnnrnno
719 2161 907 2218 Inrnanronr

224 2293 381 2353 Saavrrnus
422 2293 543 2350 Puonns
582 2292 713 2369 legatus,
750 2291 885 2363 domine,
924 2311 977 2348 vrn
1022 2288 1070 2347 Kal.

184 2401 371 2459 Decembres
406 2400 615 2457 Nicomediam
630 2403 735 2467 „venit
762 2417 873 2475 meque
901 2398 1013 2476 longae
1039 2416 1070 2454 er·

183 2512 380 2585 spectationis
394 2506 598 2565 sollicitudine
613 2505 760 2563 liberavit.

582 2715 686 2772 XXVI

362 2840 393 2898 C.
418 2839 539 2897 Purnrus
559 2839 698 2896 Taurino
720 2838 909 2896 Inrnaaroai
1068 2831 1069 2917 i

227 2966 384 3023 Rosrnnun
420 2966 581 3036 Gnnrnun,
615 2964 749 3035 domine,
782 2967 933 3022 artissimo
970 2957 1068 3020 vincula

184 3085 305 3122 mecum
319 3073 372 3122 tua
385 3069 419 3121 in
434 3084 484 3121 me
504 3063 652 3122 beneficia
668 3068 841 3122 iunxerunt.
887 3062 992 3121 Habui
1007 3039 1068 3161 ‘XV

185 3172 244 3244 306
