2162 3438
321 153 410 212 THE
438 154 622 213 LETTERS
650 154 705 212 OF
734 154 861 211 PLlNY

139 322 252 372 neuter
265 317 365 384 timet,
380 321 490 370 neuter
503 317 648 382 timetur;
662 312 751 370 huius
772 311 892 383 fiducia,
908 297 1058 368 mansue-j

139 422 215 481 tudo
242 422 322 479 illius
349 430 487 497 augetur.
533 422 597 478 Nec
632 441 693 478 non
728 421 779 477 alii
814 425 902 496 pueri
939 420 1052 477 dextra

138 529 284 606 laevaque
308 528 397 586 simul
422 536 498 586 eunt
522 527 680 585 hortantes
702 535 934 603 monentesque.
981 526 1054 582 Ibat

86 667 88 673 ·
139 657 199 694 una
227 635 271 712 <id
299 655 420 713 quoque
455 634 578 712 mirum)
614 634 777 711 delphinus
811 633 888 690 alius
925 641 1054 690 tantum

139 750 291 819 spectator
306 749 339 798 et
357 761 466 799 comes.
510 741 595 798 Nihil
616 745 698 798 enim
719 739 816 798 simile
837 748 893 796 aut
915 739 1053 797 faciebat

139 856 192 905 aut
206 849 388 924 patiebatur,
404 848 458 906 sed
472 848 602 906 alterum
616 847 702 905 illum
713 846 846 904 ducebat
867 847 1051 904 reducebat-

138 975 208 1033 que,
222 964 257 1013 ut
271 975 399 1032 puerum
413 960 508 1014 ceteri
521 959 616 1032 pueri.

181 1063 374 1135 Incredibile,
393 1071 457 1138 tam
479 1083 583 1120 verum
608 1070 713 1120 tamen
733 1081 824 1139 quam
841 1065 961 1138 priora,
983 1061 1050 1119 del-

39 1179 41 1182 '
139 1171 265 1248 phinum
280 1179 465 1248 gestatorem
486 1170 724 1248 collusoremque
745 1190 908 1247 puerorum
931 1175 964 1228 in
986 1179 1050 1229 ter-

138 1299 202 1347 ram
217 1299 335 1356 quoque
351 1278 469 1336 extrahi
484 1279 607 1336 solitum
622 1278 803 1355 harenisque
819 1283 981 1350 siccatum,
994 1281 1048 1336 ubi

138 1386 322 1458 incaluisset,
357 1391 389 1443 in
423 1407 506 1446 mare
541 1386 662 1444 revolvi.
719 1387 845 1444 Constat
880 1385 1047 1445 Octavium

139 1494 276 1565 Avitum,
289 1494 426 1571 legatum
440 1495 628 1571 proconsulis
641 1497 674 1551 in
688 1495 760 1552 litus
774 1494 887 1552 educto
895 1495 1046 1572 religione

137 1621 228 1678 prava
243 1601 446 1679 superfudisse
460 1610 662 1678 unguentum,
677 1605 760 1659 cuius
774 1600 860 1658 illum
875 1607 1045 1660 novitatem

139 1709 324 1787 odoremque
348 1714 380 1766 in
402 1709 499 1767 altum
521 1709 670 1786 refugisse
690 1728 748 1766 nec
769 1712 827 1766 nisi
848 1717 918 1786 post
932 1710 1043 1766 multos

140 1816 206 1875 dies
221 1823 317 1875 visum
331 1817 510 1894 languidum
525 1825 558 1874 et
572 1825 731 1888 maestum,
747 1837 816 1874 mox
831 1816 962 1874 redditis
978 1819 1041 1873 viri-

137 1927 196 1982 bus
210 1931 339 2003 priorem
362 1926 513 1983 lasciviam
535 1934 567 1983 et
588 1926 676 1983 solita
696 1928 865 1982 ministeria
885 1929 1039 2001 repetisse.

140 2031 340 2090 Confluebant
375 2032 414 2089 ad
452 2033 658 2109 spectaculum
696 2051 802 2090 omnes
837 2036 1039 2109 magistratus

138 2159 265 2216 quorum
286 2139 420 2198 adventu
442 2149 475 2198 et
499 2161 582 2198 mora
606 2140 725 2198 modica
748 2160 795 2198 res
816 2139 938 2216 publica
958 2142 1039 2196 novis

138 2249 309 2323 sumptibus
322 2248 521 2305 atterebatur.
560 2247 715 2306 Postremo
729 2248 812 2305 locus
826 2251 891 2323 ipse
906 2251 1038 2324 quietem

137 2373 221 2410 suam
243 2361 455 2431 secretumque
469 2354 624 2431 perdebat.
670 2355 787 2412 Placuit
806 2353 926 2412 occulte
948 2357 1038 2411 inter-

139 2461 186 2517 fici
200 2461 238 2517 ad
253 2461 334 2538 quod
349 2464 492 2520 coibatur.

180 2567 268 2625 Haec
301 2576 337 2625 tu
372 2589 431 2646 qua
466 2573 670 2640 miseratione,
698 2588 758 2646 qua
791 2572 878 2644 copia
905 2567 1038 2638 deflebis,

171 2751 183 2774 ⁰
200 2743 227 2792 It
239 2759 293 2792 was
310 2759 325 2791 a
342 2743 466 2808 religione
484 2759 623 2807 ceremony
640 2741 773 2806 practised
791 2741 828 2806 by
847 2743 893 2791 the
911 2743 1034 2802 antients,

139 2811 167 2856 to
184 2823 251 2870 pour
267 2810 387 2871 precious
404 2809 536 2857 oiutment
553 2824 623 2872 upon
641 2808 688 2856 the
705 2811 807 2857 statues
824 2806 852 2855 of
869 2807 940 2856 their
956 2809 1034 2874 gods:

139 2871 246 2930 Avitus,
260 2873 283 2920 it
300 2873 322 2920 is
334 2871 467 2936 probable,
482 2873 615 2937 imagined
632 2873 687 2922 this
704 2872 814 2936 dolphin
826 2889 880 2920 was
897 2889 969 2922 some
984 2891 1033 2923 ses·

139 2935 265 3000 diviuity,
279 2937 331 2985 and
349 2937 481 2987 therefore
492 2937 634 3002 expressed
652 2938 693 2987 his
710 2939 863 2986 veneration
882 2938 911 2987 of
929 2939 983 2988 hirn
1003 2940 1033 3004 by

140 2999 186 3048 the
197 3000 339 3065 solemnity
350 3001 377 3051 oi
388 3018 404 3051 a
416 3001 507 3052 sacred
519 3003 635 3051 unction.
673 3003 787 3063 (Melm.)

142 3108 198 3166 254
