2158 3436
341 165 430 223 THE
459 165 641 223 LETTERS
670 165 724 224 OF
754 165 879 222 PLINY

160 322 232 381 dedi
257 328 530 382 communicaturus
546 333 659 395 tecum,
674 332 709 382 ut
730 327 860 400 primum
881 323 1067 399 diligentem

160 431 351 488 tabellarium
374 436 526 489 invenero,
570 433 661 489 Erexi
684 436 944 508 exspectationem
969 439 1067 502 tuam,

160 549 250 605 quam
273 549 378 587 vereor
398 550 437 587 ne
459 530 607 588 destituat
629 534 724 588 oratio
748 533 780 585 in
804 548 910 586 manus
933 537 1065 604 sumpta.

161 635 287 694 Interim
316 644 419 694 tamen
453 644 607 714 tamquam
642 636 819 713 placituram
857 637 902 711 (et
936 634 1067 692 fortasse

159 741 304 820 placebit)
320 750 470 820 exspecta.
514 742 598 800 Vale.

592 998 634 1056 lV

391 1145 422 1201 C.
441 1144 562 1202 Pmmus
576 1145 705 1202 Cannuo
720 1144 781 1203 Suo
796 1143 825 1202 S.

200 1289 321 1346 Omma
336 1289 418 1361 facis,
432 1290 514 1367 quod
529 1289 643 1347 bellum
660 1290 805 1346 Dacicum
820 1290 951 1346 scribere
964 1308 1060 1365 paras.

160 1394 238 1451 Nam
252 1415 330 1472 quae
344 1403 408 1453 tam
425 1415 541 1466 recenS,
561 1403 625 1452 tarn
647 1399 776 1471 copiosa,
800 1403 864 1452 tam
889 1394 960 1465 lata,
984 1415 1061 1472 quae

158 1501 291 1578 denique
319 1510 382 1560 tam
410 1506 529 1580 poetica
558 1510 590 1560 et
617 1523 799 1580 quamquam
833 1507 864 1558 in
900 1507 1061 1560 verissimis

158 1609 248 1665 rebus
272 1616 335 1665 tam
358 1608 493 1665 fabulosa
515 1611 662 1666 materia?
706 1609 796 1666 Dices
818 1613 950 1667 immissa
972 1615 1060 1666 terris

159 1735 236 1771 nova
269 1713 402 1785 flumina,
433 1734 524 1772 novos
559 1724 668 1791 pontes
710 1716 882 1774 fluminibus
923 1720 1059 1786 iniectos

158 1826 271 1879 insessa
285 1826 547 1879 castrismontium
562 1823 699 1899 abrupta,
709 1822 828 1898 pulsum
838 1827 931 1899 regia,
940 1823 1057 1898 pulsum

158 1932 250 1986 ctiam
274 1931 335 1985 vita
359 1948 463 2003 regern
487 1928 563 1984 nihil
590 1928 825 2005 desperantem3
857 1948 947 2006 super
974 1929 1058 2000 haec,

157 2035 240 2084 actos
261 2028 307 2083 bis
327 2026 506 2102 triumphos,
521 2046 648 2104 quorum
668 2027 746 2084 alter
767 2047 805 2084 ex
827 2031 940 2084 invicta
964 2037 1057 2104 gente

157 2128 281 2201 primuS,
295 2123 374 2180 alter
387 2128 565 2181 novissimus
579 2124 645 2182 fuit.

199 2222 278 2292 Una,
303 2222 356 2279 sed
380 2226 510 2279 maxima
531 2222 701 2294 difficultas,
724 2223 803 2300 quod
829 2223 905 2281 haec
929 2243 1055 2300 aequare

156 2320 288 2377 dicendo
301 2319 438 2391 arduum,
449 2323 630 2378 immensum
646 2325 738 2377 etiam
749 2330 802 2379 tuo
813 2325 946 2398 ingeni0,
958 2341 1055 2400 quarn-

157 2438 247 2495 quam
279 2417 423 2475 altissime
455 2417 599 2494 adsurgat
629 2426 662 2475 et
691 2418 881 2497 amplissimis
918 2422 1055 2497 operibus

156 2521 312 2574 increscat.
356 2516 426 2573 Non
440 2516 541 2574 nullus
556 2525 589 2574 et
603 2520 634 2573 in
649 2516 701 2574 illo
715 2503 809 2588 labor,
826 2526 861 2575 ut
879 2519 1002 2576 barbara
1025 2529 1055 2577 ct

189 2695 202 2717 ‘⁸
218 2686 315 2750 Trajan
336 2687 432 2752 fought
453 2693 509 2738 two
526 2688 678 2752 campaigns
697 2689 723 2736 in
743 2687 832 2749 Dacia,
855 2687 940 2736 which
960 2688 992 2737 he
1011 2705 1053 2738 an·

156 2751 446 2881 neffe'l'irrlffnhllhertcd
458 2818 526 2868 from
541 2819 577 2868 its
591 2834 683 2869 course
698 2818 744 2868 the
761 2820 832 2869 river
849 2817 976 2884 Sargatia,
989 2836 1023 2869 on
1038 2837 1052 2869 a

156 2887 247 2948 report
266 2883 328 2932 that
346 2884 392 2933 the
413 2889 545 2934 treasures
567 2883 595 2933 oi
615 2883 769 2944 DecebaIus,
789 2885 836 2934 the
860 2884 959 2934 Dacian
981 2885 1050 2950 king,

156 2963 225 2997 were
236 2949 374 3000 concealed
390 2949 474 2999 under
491 2951 527 3000 its
544 2949 614 3009 bed3
634 2950 686 2999 and
705 2951 738 2998 he
755 2950 824 3000 built
841 2966 857 2999 a
873 2956 948 3015 great
964 2950 1051 3016 bridga

155 3029 243 3062 across
254 3015 300 3066 the
313 3014 429 3066 Danube.

157 3109 194 3182 98
