2160 3438
342 221 431 286 THE
459 222 643 286 LETTERS
671 225 726 286 OF
755 223 882 286 PLINY

161 405 247 443 mens
275 385 390 457 vident,
412 391 552 463 quotiens
578 407 640 444 non
662 387 769 445 vident
790 387 856 444 alia.
900 387 1024 464 Cogito,
1043 391 1065 444 si

161 536 234 612 quid
248 540 280 592 in
301 537 450 609 manibus
465 541 567 615 cogito
588 538 626 596 ad
647 540 774 596 verbum
795 539 940 596 scribenti
964 557 1070 596 emen-

161 684 307 762 dantique
330 685 434 742 similis
458 707 540 743 nunc
562 690 713 762 pauciora,
735 704 816 742 nunc
844 684 940 762 plura,
963 693 999 742 ut
1023 687 1073 744 vel

160 833 291 905 difficile,
325 833 373 891 vel
416 833 503 891 facile
539 839 678 911 componi
714 838 853 892 tenerive
888 840 1069 910 potuerunt.

162 982 319 1039 Notarium
349 1003 422 1040 voco
449 991 482 1041 et
509 983 560 1041 die
587 983 727 1055 admisso,
756 1003 834 1060 quae
868 981 1067 1041 formaveram

161 1131 252 1189 dicto.
309 1132 384 1190 Abit
418 1151 579 1210 rursusque
617 1141 776 1192 revocatur
815 1151 981 1209 rursusque
1025 1154 1069 1190 re-

161 1285 302 1341 mittitur.

204 1431 263 1490 Ubi
286 1431 359 1489 hora
379 1440 487 1509 quarta
508 1433 554 1490 vel
578 1436 685 1510 quinta
706 1431 820 1513 (neque
842 1435 923 1489 enim
948 1443 1071 1493 certum

160 1580 391 1657 dimensumque
413 1580 558 1660 tempus),
572 1589 607 1638 ut
628 1581 693 1639 dies
715 1585 817 1653 suasit,
831 1586 864 1639 in
878 1589 1004 1658 xystum
1021 1605 1072 1642 me

161 1725 208 1782 vel
250 1729 507 1803 cryptoporticum
549 1725 681 1798 confero,
717 1727 833 1804 reliqua
865 1726 1002 1786 meditor
1040 1739 1072 1787 et

160 1874 250 1933 dicto.
294 1875 475 1934 Vehiculum
496 1877 634 1935 ascendo.
679 1876 726 1935 Ibi
747 1896 868 1956 quoque
886 1877 970 1935 idem
985 1881 1070 1956 quod

159 2025 316 2086 ambulans
337 2035 390 2086 aut
409 2032 531 2098 iacens3
552 2028 642 2086 durat
663 2032 797 2087 intentio
810 2032 983 2087 mutatione
1001 2035 1071 2108 ipsa

160 2177 283 2236 refecta
328 2175 453 2236 Paulum
476 2178 636 2252 redormio,
659 2179 732 2237 dein
756 2178 886 2250 ambulo,
907 2199 979 2236 mox
1004 2201 1074 2238 ora-

161 2332 276 2387 tionem
304 2327 452 2388 Graecam
480 2328 658 2387 Latinamve
686 2329 766 2388 clare
794 2335 826 2388 et
853 2333 976 2388 intente
1009 2352 1074 2389 non

161 2485 224 2535 tam
238 2481 318 2536 vocis
332 2498 420 2538 causa
441 2498 532 2556 quam
554 2479 700 2538 stomachi
720 2479 811 2556 lego;
831 2481 947 2556 pariter
961 2487 1073 2538 tamen

161 2629 193 2681 et
221 2624 272 2680 illa
298 2623 438 2682 firmatur.
483 2625 599 2683 Iterum
627 2626 758 2698 ambulo,
783 2645 889 2702 ungor,
913 2645 1073 2700 exerceor,

162 2764 250 2822 lavor.
294 2765 423 2824 Cenanti
444 2767 528 2838 mihi,
550 2771 574 2824 si
595 2786 664 2823 eum
685 2787 778 2826 uxore
792 2766 840 2825 vel
863 2773 977 2844 paucis,
992 2769 1074 2827 liber

162 2903 291 2979 legitur;
321 2914 390 2981 post
418 2926 525 2964 cenam
553 2907 714 2965 comoedus
742 2916 796 2966 aut
823 2908 968 2986 lyristes3
1000 2931 1071 2968 mox

162 3062 230 3099 cum
254 3047 330 3101 meis
353 3043 484 3115 ambulo,
498 3064 625 3123 quorum
646 3050 679 3102 in
700 3066 827 3105 numero
848 3058 921 3107 sunt
946 3049 1069 3110 eruditi.

165 3161 222 3216 260
