2160 3438
320 181 409 238 THE
438 180 624 239 LETTERS
649 181 704 238 OF
735 180 861 238 PLINY

138 352 210 401 ante
238 347 267 400 ei
295 340 533 398 Alexandrinam
558 343 714 398 civitatem
736 344 914 416 impetrare,
938 339 1060 396 deinde

140 457 314 526 Romanam,
340 459 482 532 quoniam
510 462 591 512 esset
617 453 796 530 Aegyptius.
840 453 911 529 Ego
935 462 1050 522 autem,

138 573 208 646 quia
236 573 317 626 inter
345 569 514 645 Aegyptios
543 576 721 645 ceterosque
756 572 937 645 peregrinos
977 567 1051 624 nihil

137 688 285 742 interesse
320 684 490 753 credebam,
519 690 683 740 contentus
717 682 833 740 fueram
861 682 922 739 hoc
952 683 1050 740 solum

138 801 267 856 seribere
290 799 356 869 tibi,
380 817 446 855 esse
471 797 564 855 eum1
592 817 610 853 a
637 801 799 874 peregrina
825 802 1060 855 manumissum:

137 922 357 990 patronamque
379 918 444 972 eius
465 918 525 970 iam
547 914 666 989 pridem
691 912 863 971 decessisse.
916 912 971 970 De
996 934 1048 991 qua

137 1031 308 1106 ignorantia
322 1049 390 1086 mea
404 1031 465 1085 non
488 1049 606 1106 queror,
621 1049 676 1105 per
697 1049 787 1106 quam
808 1032 905 1098 stetit,
930 1037 970 1086 ut
997 1031 1047 1086 tibi

137 1164 192 1220 pro
207 1144 315 1202 eodem
329 1144 452 1202 homine
468 1148 586 1220 saepius
600 1143 757 1220 obligarer.

181 1260 264 1336 Rogo
278 1265 391 1337 itaque,
407 1268 442 1318 ut
456 1260 603 1318 beneficio
617 1268 671 1317 tuo
686 1258 823 1335 legitime
841 1257 899 1314 frui
923 1264 1046 1334 possim,

137 1377 252 1434 tribuas
269 1379 298 1434 ei
320 1384 352 1433 et
373 1357 613 1433 Alexandrinam
635 1379 791 1432 civitatem
812 1382 845 1431 et
867 1349 1060 1444 Romanaml

138 1492 244 1547 Annos
265 1494 329 1551 eius
344 1497 377 1547 et
391 1509 525 1561 censum,
546 1509 586 1546 ne
608 1487 681 1567 quid
702 1508 804 1545 rursus
818 1486 1043 1564 indulgentiam

136 1614 221 1663 tuam
235 1613 412 1676 moraretur,
426 1604 543 1662 libertis
557 1609 627 1675 tuis,
642 1605 750 1682 quibus
764 1607 901 1674 iusseras,
916 1607 994 1662 misi.

556 1827 615 1883 Vll

448 1960 603 2016 Tauranus
624 1959 728 2016 Pnrxro

177 2093 343 2150 Crvrrarau
367 2090 606 2149 Alexandrinam
627 2091 795 2149 secundum
816 2095 1036 2150 institutionem

135 2203 306 2276 principum
334 2218 396 2256 non
424 2206 541 2256 temere
570 2197 642 2255 dare
678 2201 827 2274 proposui.
871 2197 942 2269 Sed,
971 2219 1035 2256 cum

138 2307 328 2382 Harpocrati,
343 2305 514 2380 iatraliptae
536 2308 673 2388 tu0,ia1p
696 2307 851 2361 civitatem
875 2303 1035 2362 Romanam

136 2416 353 2490 impetraveris,
368 2411 438 2468 huie
453 2430 573 2488 quoque
594 2414 737 2488 petitioni
751 2418 822 2468 tuae
844 2430 955 2487 negare
977 2432 1035 2468 uon

136 2525 280 2578 sustineo
323 2519 380 2590 Tu,
395 2538 432 2576 ex
448 2538 507 2595 quo
530 2538 621 2576 nomo
643 2522 692 2588 sit,
715 2526 823 2575 notum
843 2517 918 2573 mihi
939 2517 1034 2575 lacere

136 2627 271 2698 debebis,
301 2635 335 2684 ut
363 2625 525 2702 epistulam
552 2627 609 2683 tibi
630 2625 669 2682 ad
692 2625 869 2700 Pompeium
891 2623 1033 2695 Plantam,

136 2733 325 2809 praefectum
340 2731 485 2808 Aegypti,
500 2736 630 2789 amicum
645 2751 757 2802 meum,
772 2735 900 2788 mittam.

272 2861 280 2892 ยน
297 2877 354 2910 esse
366 2877 425 2910 eum
437 2861 470 2921 B,
484 2862 535 2910 etsi
548 2877 607 2910 eum
619 2861 681 2922 Aa,
695 2861 796 2911 scilicet
807 2877 867 2910 eum
878 2877 903 2910 o.

138 2943 892 3017 Vfflfflolffidroek
914 2969 987 3018 citios
1006 2972 1029 3019 in

137 3031 227 3096 Egypt
238 3031 340 3080 formed
352 3048 366 3081 a
378 3030 492 3081 distinct
503 3031 570 3081 class
581 3031 649 3081 from
666 3032 714 3081 the
732 3033 881 3098 Egyptians
898 3032 1029 3100 belonging

138 3117 196 3185 284
