2162 3438
320 219 408 277 THE
437 219 620 280 LETTERS
649 221 705 279 OF
736 219 863 278 PLINY

138 380 350 455 pressiusque?
369 379 409 443 Σὺ
420 379 449 438 δὲ
461 379 638 451 {annonast
647 378 666 455 ἢ
676 381 876 455 συλλαβόντες
887 383 923 442 ὡς
931 379 1054 455 ληστὴν

138 499 191 554 τῶν
205 496 377 572 πραγμάτων
391 495 435 554 διὰ
449 499 498 572 τῆς
520 497 662 560 πολιτείας
681 497 805 556 πλέοντα
819 493 1058 573 τιμωρήσασθε,2

139 617 172 666 et
186 609 252 666 alia.
363 651 369 661 .
442 631 446 640 “

180 726 342 802 Exspecto,
368 734 403 784 ut
425 726 574 805 quaedam
601 747 638 784 ex
663 726 720 784 hac
743 724 883 804 epistula,
902 733 938 782 ut
960 724 1069 798 illud„

139 841 365 918 ‘gubernacula
399 842 549 926 gemunt,’
585 849 618 900 et
653 842 722 899 ‘dis
750 845 839 898 maris
872 840 1069 922 proximuS,’]

140 956 247 1013 iisdem
272 961 363 1029 notis³
377 959 485 1034 quibus
501 977 547 1029 ea,
561 957 600 1015 de
625 958 734 1034 quibus
759 957 865 1026 scrib0,
881 953 1052 1012 confodiaS.

141 1071 294 1149 Intellego
316 1077 408 1144 enirn,
422 1093 482 1144 me,
496 1072 570 1130 dum
592 1077 711 1130 veniam
734 1072 882 1149 prioribus
907 1079 990 1148 peto,
1014 1074 1055 1126 in

140 1185 192 1243 illa
206 1191 280 1263 ipsa,
295 1207 372 1264 quae
388 1187 596 1259 adnotaveras,
611 1187 761 1245 incidisse.
806 1185 868 1245 Sed
891 1184 1054 1243 confodias

141 1301 224 1384 licet,
252 1301 416 1359 dummodo
445 1307 504 1359 iarn
532 1323 614 1360 nunc
643 1302 779 1360 destines
806 1301 899 1372 diem,
928 1320 989 1380 quo
1016 1309 1053 1357 et

141 1417 180 1474 de
208 1417 267 1474 illis
295 1425 328 1475 et
356 1418 395 1475 de
423 1418 471 1475 his
499 1439 598 1476 coram
627 1422 750 1496 exigere
784 1422 941 1495 possimus.
986 1417 1051 1473 Aut

143 1537 225 1589 enim
260 1541 294 1590 tu
330 1553 379 1590 me
418 1534 570 1604 timidum,
605 1541 659 1590 aut
694 1553 752 1610 ego
786 1541 818 1591 te
853 1535 1049 1590 temerarium

145 1649 261 1706 faciam.
306 1649 388 1706 Vale.

535 1882 655 1938 XXVII

360 2027 390 2086 C.
416 2028 536 2085 Pururus
560 2027 701 2086 Parnaso
724 2025 784 2086 Suo
806 2025 836 2084 S.

185 2171 316 2243 Quian
330 2179 476 2250 potestas,
491 2180 605 2250 quanta
618 2172 762 2250 dignitas,
776 2178 891 2249 quanta
898 2174 1049 2238 maiestas,

142 2295 292 2364 quantum
327 2286 459 2364 denique
487 2307 601 2345 numen
637 2291 677 2345 sit
710 2285 864 2358 historiae,
894 2305 965 2343 cum
993 2284 1049 2342 fre·

145 2407 276 2477 quenter
314 2397 387 2456 alias
425 2407 491 2457 tum
531 2403 667 2477 proxime
707 2403 795 2457 sensi.
861 2397 1051 2455 Recitaverat

145 2514 268 2592 quidam
288 2518 477 2572 verissimum
497 2516 607 2573 librum
621 2523 800 2592 partemque
822 2518 887 2572 eius
907 2518 940 2570 in
960 2513 1050 2570 alium
1068 2551 1069 2566 .

146 2629 227 2687 diem
256 2639 468 2688 reservaverat.
513 2629 593 2689 Ecce
622 2634 710 2687 amici
744 2629 900 2687 cuiusdam
932 2635 1069 2685 orantes³

146 2745 410 2821 obsecrantesque,
445 2765 484 2802 ne
519 2745 635 2823 reliqua
662 2748 813 2803 recitaret.
857 2743 974 2800 Tantus
1001 2719 1069 2814 aus

92 2908 100 2922 ,
148 2859 262 2930 diendi,
288 2879 364 2936 quae
382 2858 521 2930 fecerint,
536 2859 643 2936 pudor,
657 2860 766 2936 quibus
788 2858 889 2917 nullus
911 2858 1051 2930 faciendi,

148 2992 225 3049 quae
247 2972 351 3030 audire
373 2975 563 3031 erubescunt.
609 2974 650 3031 Et
671 2972 722 3030 ille
745 2973 868 3052 quidem
891 2978 1050 3050 praestitit,

311 3093 319 3124 ¹
337 3094 431 3145 Aesch.
448 3094 512 3144 Otos.
527 3096 582 3146 208.
754 3094 764 3125 ²
781 3095 814 3146 ib.
828 3097 886 3146 253.

151 3181 208 3233 240
