<?xml version="1.0" encoding="UTF-8"?>
<!DOCTYPE html PUBLIC "-//W3C//DTD XHTML 1.0 Transitional//EN"
    "http://www.w3.org/TR/xhtml1/DTD/xhtml1-transitional.dtd">
<html xmlns="http://www.w3.org/1999/xhtml" xml:lang="en" lang="en">
 <head>
  <title>
</title>
<meta http-equiv="Content-Type" content="text/html;charset=utf-8" />
  <meta name='ocr-system' content='tesseract 3.04.00' />
  <meta name='ocr-capabilities' content='ocr_page ocr_carea ocr_par ocr_line ocrx_word'/>
</head>
<body>
  <div class='ocr_page' id='page_1' title='image "./letters01hutcgoog_0186.png"; bbox 0 0 2162 3438; ppageno 0'>
   <div class='ocr_carea' id='block_1_1' title="bbox 318 132 860 192">
    <p class='ocr_par' dir='ltr' id='par_1_1' title="bbox 318 132 860 192">
     <span class='ocr_line' id='line_1_1' title="bbox 318 132 860 192; baseline -0.002 -2"><span class='ocrx_word' id='word_1_1' title='bbox 318 133 407 190; x_wconf 88' lang='lat' dir='ltr'><strong>THE</strong></span> <span class='ocrx_word' id='word_1_2' title='bbox 436 132 620 192; x_wconf 87' lang='lat' dir='ltr'>LETTERS</span> <span class='ocrx_word' id='word_1_3' title='bbox 650 132 704 191; x_wconf 93' lang='lat' dir='ltr'><strong>OF</strong></span> <span class='ocrx_word' id='word_1_4' title='bbox 733 132 860 190; x_wconf 89' lang='lat' dir='ltr'>PLINY</span> 
     </span>
    </p>
   </div>
   <div class='ocr_carea' id='block_1_2' title="bbox 316 340 822 563">
    <p class='ocr_par' dir='ltr' id='par_1_2' title="bbox 316 340 822 563">
     <span class='ocr_line' id='line_1_2' title="bbox 540 340 644 398; baseline -0.01 0"><span class='ocrx_word' id='word_1_5' title='bbox 540 340 644 398; x_wconf 89' lang='lat' dir='ltr'>XXIV</span> 
     </span>
     <span class='ocr_line' id='line_1_3' title="bbox 316 488 822 563; baseline -0.002 -16"><span class='ocrx_word' id='word_1_6' title='bbox 316 553 321 563; x_wconf 58' lang='grc'>,</span> <span class='ocrx_word' id='word_1_7' title='bbox 356 491 387 548; x_wconf 89' lang='lat' dir='ltr'><strong>C.</strong></span> <span class='ocrx_word' id='word_1_8' title='bbox 412 490 533 548; x_wconf 76' lang='lat' dir='ltr'><strong>Parmos</strong></span> <span class='ocrx_word' id='word_1_9' title='bbox 555 490 683 547; x_wconf 76' lang='lat' dir='ltr'><strong>Marino</strong></span> <span class='ocrx_word' id='word_1_10' title='bbox 707 489 768 547; x_wconf 90' lang='lat' dir='ltr'><strong>Suo</strong></span> <span class='ocrx_word' id='word_1_11' title='bbox 793 488 822 547; x_wconf 92' lang='lat' dir='ltr'><strong>S.</strong></span> 
     </span>
    </p>
   </div>
   <div class='ocr_carea' id='block_1_3' title="bbox 65 639 1052 2341">
    <p class='ocr_par' dir='ltr' id='par_1_3' title="bbox 137 639 1052 871">
     <span class='ocr_line' id='line_1_4' title="bbox 179 639 1052 716; baseline -0.001 -21"><span class='ocrx_word' id='word_1_12' title='bbox 179 639 272 696; x_wconf 87' lang='lat' dir='ltr'><strong>Auou</strong></span> <span class='ocrx_word' id='word_1_13' title='bbox 286 643 318 695; x_wconf 94' lang='lat' dir='ltr'><strong>in</strong></span> <span class='ocrx_word' id='word_1_14' title='bbox 332 647 364 698; x_wconf 90' lang='lat' dir='ltr'><strong>te</strong></span> <span class='ocrx_word' id='word_1_15' title='bbox 379 659 465 696; x_wconf 92' lang='lat' dir='ltr'><strong>meus</strong></span> <span class='ocrx_word' id='word_1_16' title='bbox 487 643 578 716; x_wconf 83' lang='lat' dir='ltr'>cogit,</span> <span class='ocrx_word' id='word_1_17' title='bbox 593 658 654 695; x_wconf 93' lang='lat' dir='ltr'><strong>non</strong></span> <span class='ocrx_word' id='word_1_18' title='bbox 677 647 711 696; x_wconf 87' lang='lat' dir='ltr'><strong>ut</strong></span> <span class='ocrx_word' id='word_1_19' title='bbox 729 641 911 714; x_wconf 82' lang='lat' dir='ltr'><strong>praecipiam</strong></span> <span class='ocrx_word' id='word_1_20' title='bbox 928 640 1052 715; x_wconf 90' lang='lat' dir='ltr'><strong>(neque</strong></span> 
     </span>
     <span class='ocr_line' id='line_1_5' title="bbox 137 720 1052 797; baseline -0.002 -19"><span class='ocrx_word' id='word_1_21' title='bbox 137 724 219 778; x_wconf 90' lang='lat' dir='ltr'><strong>enim</strong></span> <span class='ocrx_word' id='word_1_22' title='bbox 232 729 429 797; x_wconf 82' lang='lat' dir='ltr'><strong>praeceptore</strong></span> <span class='ocrx_word' id='word_1_23' title='bbox 455 721 551 796; x_wconf 87' lang='lat' dir='ltr'><strong>eges),</strong></span> <span class='ocrx_word' id='word_1_24' title='bbox 564 720 744 778; x_wconf 87' lang='lat' dir='ltr'><strong>admoneam</strong></span> <span class='ocrx_word' id='word_1_25' title='bbox 765 727 879 790; x_wconf 89' lang='lat' dir='ltr'><strong>tamen,</strong></span> <span class='ocrx_word' id='word_1_26' title='bbox 902 727 948 789; x_wconf 90' lang='lat' dir='ltr'><strong>ut,</strong></span> <span class='ocrx_word' id='word_1_27' title='bbox 968 739 1052 797; x_wconf 89' lang='lat' dir='ltr'><strong>quae</strong></span> 
     </span>
     <span class='ocr_line' id='line_1_6' title="bbox 137 801 815 871; baseline -0.001 -13"><span class='ocrx_word' id='word_1_28' title='bbox 137 806 204 871; x_wconf 80' lang='lat' dir='ltr'><strong>sciS,</strong></span> <span class='ocrx_word' id='word_1_29' title='bbox 218 809 324 859; x_wconf 89' lang='lat' dir='ltr'><strong>teneas</strong></span> <span class='ocrx_word' id='word_1_30' title='bbox 340 810 372 859; x_wconf 90' lang='lat' dir='ltr'><strong>et</strong></span> <span class='ocrx_word' id='word_1_31' title='bbox 387 803 527 860; x_wconf 90' lang='lat' dir='ltr'><strong>observes</strong></span> <span class='ocrx_word' id='word_1_32' title='bbox 541 809 594 859; x_wconf 88' lang='lat' dir='ltr'><strong>aut</strong></span> <span class='ocrx_word' id='word_1_33' title='bbox 610 805 684 859; x_wconf 90' lang='lat' dir='ltr'><strong>scias</strong></span> <span class='ocrx_word' id='word_1_34' title='bbox 698 801 815 859; x_wconf 89' lang='lat' dir='ltr'><strong>melius.</strong></span> 
     </span>
    </p>

    <p class='ocr_par' dir='ltr' id='par_1_4' title="bbox 65 881 1050 1041">
     <span class='ocr_line' id='line_1_7' title="bbox 179 881 1050 959; baseline -0.001 -21"><span class='ocrx_word' id='word_1_35' title='bbox 179 883 286 958; x_wconf 88' lang='lat' dir='ltr'><strong>Cogita</strong></span> <span class='ocrx_word' id='word_1_36' title='bbox 308 890 341 940; x_wconf 87' lang='lat' dir='ltr'><strong>te</strong></span> <span class='ocrx_word' id='word_1_37' title='bbox 363 887 486 940; x_wconf 91' lang='lat' dir='ltr'><strong>missum</strong></span> <span class='ocrx_word' id='word_1_38' title='bbox 511 888 543 939; x_wconf 92' lang='lat' dir='ltr'><strong>in</strong></span> <span class='ocrx_word' id='word_1_39' title='bbox 568 881 752 959; x_wconf 84' lang='lat' dir='ltr'><strong>provinciam</strong></span> <span class='ocrx_word' id='word_1_40' title='bbox 777 881 933 952; x_wconf 88' lang='lat' dir='ltr'><strong>Achaiam,</strong></span> <span class='ocrx_word' id='word_1_41' title='bbox 963 881 1050 938; x_wconf 91' lang='lat' dir='ltr'><strong>illam</strong></span> 
     </span>
     <span class='ocr_line' id='line_1_8' title="bbox 65 963 1049 1041; baseline -0.001 -21"><span class='ocrx_word' id='word_1_42' title='bbox 65 1029 67 1034; x_wconf 88' lang='lat'><em>.</em></span> <span class='ocrx_word' id='word_1_43' title='bbox 138 983 239 1021; x_wconf 88' lang='lat' dir='ltr'><strong>veram</strong></span> <span class='ocrx_word' id='word_1_44' title='bbox 268 971 300 1020; x_wconf 91' lang='lat' dir='ltr'><strong>et</strong></span> <span class='ocrx_word' id='word_1_45' title='bbox 322 984 437 1021; x_wconf 86' lang='lat' dir='ltr'><strong>meram</strong></span> <span class='ocrx_word' id='word_1_46' title='bbox 462 964 630 1035; x_wconf 87' lang='lat' dir='ltr'><strong>Graeciam,</strong></span> <span class='ocrx_word' id='word_1_47' title='bbox 649 968 680 1020; x_wconf 94' lang='lat' dir='ltr'><strong>in</strong></span> <span class='ocrx_word' id='word_1_48' title='bbox 699 983 759 1041; x_wconf 90' lang='lat' dir='ltr'><strong>qua</strong></span> <span class='ocrx_word' id='word_1_49' title='bbox 779 968 910 1040; x_wconf 90' lang='lat' dir='ltr'><strong>primum</strong></span> <span class='ocrx_word' id='word_1_50' title='bbox 935 963 1049 1020; x_wconf 88' lang='lat' dir='ltr'><strong>huma-</strong></span> 
     </span>
    </p>

    <p class='ocr_par' dir='ltr' id='par_1_5' title="bbox 117 1044 1050 2341">
     <span class='ocr_line' id='line_1_9' title="bbox 138 1044 1048 1122; baseline -0.001 -21"><span class='ocrx_word' id='word_1_51' title='bbox 138 1049 226 1115; x_wconf 85' lang='lat' dir='ltr'><strong>nitas,</strong></span> <span class='ocrx_word' id='word_1_52' title='bbox 241 1044 373 1116; x_wconf 82' lang='lat' dir='ltr'><strong>litterae,</strong></span> <span class='ocrx_word' id='word_1_53' title='bbox 388 1050 480 1104; x_wconf 90' lang='lat' dir='ltr'><strong>etiam</strong></span> <span class='ocrx_word' id='word_1_54' title='bbox 499 1044 602 1122; x_wconf 89' lang='lat' dir='ltr'><strong>fruges</strong></span> <span class='ocrx_word' id='word_1_55' title='bbox 623 1049 766 1103; x_wconf 85' lang='lat' dir='ltr'><strong>inventae</strong></span> <span class='ocrx_word' id='word_1_56' title='bbox 782 1064 847 1102; x_wconf 91' lang='lat' dir='ltr'><strong>esse</strong></span> <span class='ocrx_word' id='word_1_57' title='bbox 862 1044 1048 1115; x_wconf 86' lang='lat' dir='ltr'><strong>creduntur,</strong></span> 
     </span>
     <span class='ocr_line' id='line_1_10' title="bbox 138 1125 1049 1196; baseline 0 -14"><span class='ocrx_word' id='word_1_58' title='bbox 138 1130 262 1183; x_wconf 92' lang='lat' dir='ltr'><strong>missum</strong></span> <span class='ocrx_word' id='word_1_59' title='bbox 285 1125 323 1182; x_wconf 91' lang='lat' dir='ltr'><strong>ad</strong></span> <span class='ocrx_word' id='word_1_60' title='bbox 341 1126 542 1184; x_wconf 87' lang='lat' dir='ltr'><strong>ordinandum</strong></span> <span class='ocrx_word' id='word_1_61' title='bbox 562 1135 675 1184; x_wconf 86' lang='lat' dir='ltr'><strong>statum</strong></span> <span class='ocrx_word' id='word_1_62' title='bbox 696 1127 858 1184; x_wconf 87' lang='lat' dir='ltr'><strong>liberarum</strong></span> <span class='ocrx_word' id='word_1_63' title='bbox 873 1130 1049 1196; x_wconf 89' lang='lat' dir='ltr'><strong>civitatum,</strong></span> 
     </span>
     <span class='ocr_line' id='line_1_11' title="bbox 138 1207 1050 1280; baseline -0.001 -16"><span class='ocrx_word' id='word_1_64' title='bbox 138 1207 233 1280; x_wconf 90' lang='lat' dir='ltr'><strong>idest</strong></span> <span class='ocrx_word' id='word_1_65' title='bbox 255 1208 293 1265; x_wconf 88' lang='lat' dir='ltr'><strong>ad</strong></span> <span class='ocrx_word' id='word_1_66' title='bbox 315 1207 452 1266; x_wconf 90' lang='lat' dir='ltr'><strong>homines</strong></span> <span class='ocrx_word' id='word_1_67' title='bbox 476 1212 606 1265; x_wconf 87' lang='lat' dir='ltr'><strong>maxime</strong></span> <span class='ocrx_word' id='word_1_68' title='bbox 631 1207 779 1279; x_wconf 90' lang='lat' dir='ltr'><strong>homines,</strong></span> <span class='ocrx_word' id='word_1_69' title='bbox 800 1208 838 1264; x_wconf 92' lang='lat' dir='ltr'><strong>ad</strong></span> <span class='ocrx_word' id='word_1_70' title='bbox 856 1208 969 1264; x_wconf 89' lang='lat' dir='ltr'><strong>liberos</strong></span> <span class='ocrx_word' id='word_1_71' title='bbox 984 1228 1050 1263; x_wconf 92' lang='lat' dir='ltr'><strong>ma-</strong></span> 
     </span>
     <span class='ocr_line' id='line_1_12' title="bbox 139 1289 1049 1367; baseline 0.001 -23"><span class='ocrx_word' id='word_1_72' title='bbox 139 1293 219 1347; x_wconf 88' lang='lat' dir='ltr'><strong>xime</strong></span> <span class='ocrx_word' id='word_1_73' title='bbox 233 1289 354 1359; x_wconf 80' lang='lat' dir='ltr'><strong>libemS,</strong></span> <span class='ocrx_word' id='word_1_74' title='bbox 377 1293 429 1367; x_wconf 93' lang='lat' dir='ltr'><strong>qui</strong></span> <span class='ocrx_word' id='word_1_75' title='bbox 443 1294 490 1346; x_wconf 89' lang='lat' dir='ltr'><strong>ius</strong></span> <span class='ocrx_word' id='word_1_76' title='bbox 504 1311 521 1346; x_wconf 91' lang='lat' dir='ltr'><strong>a</strong></span> <span class='ocrx_word' id='word_1_77' title='bbox 538 1297 646 1348; x_wconf 91' lang='lat' dir='ltr'><strong>natura</strong></span> <span class='ocrx_word' id='word_1_78' title='bbox 663 1289 770 1347; x_wconf 87' lang='lat' dir='ltr'><strong>datum</strong></span> <span class='ocrx_word' id='word_1_79' title='bbox 780 1293 903 1359; x_wconf 86' lang='lat' dir='ltr'><strong>virtute,</strong></span> <span class='ocrx_word' id='word_1_80' title='bbox 915 1293 1049 1359; x_wconf 88' lang='lat' dir='ltr'><strong>meritis,</strong></span> 
     </span>
     <span class='ocr_line' id='line_1_13' title="bbox 138 1371 961 1448; baseline 0.002 -22"><span class='ocrx_word' id='word_1_81' title='bbox 138 1375 279 1441; x_wconf 87' lang='lat' dir='ltr'><strong>amicitia,</strong></span> <span class='ocrx_word' id='word_1_82' title='bbox 294 1371 418 1429; x_wconf 89' lang='lat' dir='ltr'><strong>foedere</strong></span> <span class='ocrx_word' id='word_1_83' title='bbox 427 1371 560 1448; x_wconf 90' lang='lat' dir='ltr'><strong>denique</strong></span> <span class='ocrx_word' id='word_1_84' title='bbox 575 1379 608 1428; x_wconf 90' lang='lat' dir='ltr'><strong>et</strong></span> <span class='ocrx_word' id='word_1_85' title='bbox 622 1371 769 1447; x_wconf 87' lang='lat' dir='ltr'><strong>religione</strong></span> <span class='ocrx_word' id='word_1_86' title='bbox 783 1377 961 1428; x_wconf 89' lang='lat' dir='ltr'><strong>tenuerunt.</strong></span> 
     </span>
     <span class='ocr_line' id='line_1_14' title="bbox 181 1451 1048 1522; baseline 0 -14"><span class='ocrx_word' id='word_1_87' title='bbox 181 1452 331 1509; x_wconf 87' lang='lat' dir='ltr'><strong>Reverere</strong></span> <span class='ocrx_word' id='word_1_88' title='bbox 360 1453 532 1510; x_wconf 87' lang='lat' dir='ltr'><strong>conditores</strong></span> <span class='ocrx_word' id='word_1_89' title='bbox 567 1452 641 1510; x_wconf 88' lang='lat' dir='ltr'><strong>deos</strong></span> <span class='ocrx_word' id='word_1_90' title='bbox 676 1460 709 1509; x_wconf 88' lang='lat' dir='ltr'><strong>et</strong></span> <span class='ocrx_word' id='word_1_91' title='bbox 743 1457 869 1509; x_wconf 92' lang='lat' dir='ltr'><strong>numina</strong></span> <span class='ocrx_word' id='word_1_92' title='bbox 902 1451 1048 1522; x_wconf 88' lang='lat' dir='ltr'><strong>deorum,</strong></span> 
     </span>
     <span class='ocr_line' id='line_1_15' title="bbox 141 1532 1047 1610; baseline -0.001 -20"><span class='ocrx_word' id='word_1_93' title='bbox 141 1552 279 1590; x_wconf 88' lang='lat' dir='ltr'><strong>reverere</strong></span> <span class='ocrx_word' id='word_1_94' title='bbox 294 1533 420 1609; x_wconf 85' lang='lat' dir='ltr'><strong>gloriam</strong></span> <span class='ocrx_word' id='word_1_95' title='bbox 434 1542 571 1591; x_wconf 88' lang='lat' dir='ltr'><strong>veterem</strong></span> <span class='ocrx_word' id='word_1_96' title='bbox 596 1541 628 1591; x_wconf 90' lang='lat' dir='ltr'><strong>et</strong></span> <span class='ocrx_word' id='word_1_97' title='bbox 642 1532 720 1590; x_wconf 89' lang='lat' dir='ltr'><strong>hanc</strong></span> <span class='ocrx_word' id='word_1_98' title='bbox 729 1537 825 1610; x_wconf 91' lang='lat' dir='ltr'><strong>ipsam</strong></span> <span class='ocrx_word' id='word_1_99' title='bbox 840 1541 1047 1604; x_wconf 89' lang='lat' dir='ltr'><strong>senectutem,</strong></span> 
     </span>
     <span class='ocr_line' id='line_1_16' title="bbox 139 1613 1048 1692; baseline 0 -21"><span class='ocrx_word' id='word_1_100' title='bbox 139 1634 217 1692; x_wconf 91' lang='lat' dir='ltr'><strong>quae</strong></span> <span class='ocrx_word' id='word_1_101' title='bbox 232 1619 264 1672; x_wconf 88' lang='lat' dir='ltr'><strong>in</strong></span> <span class='ocrx_word' id='word_1_102' title='bbox 273 1614 397 1672; x_wconf 87' lang='lat' dir='ltr'><strong>homine</strong></span> <span class='ocrx_word' id='word_1_103' title='bbox 410 1615 642 1685; x_wconf 59' lang='lat' dir='ltr'><strong>venerabilium</strong></span> <span class='ocrx_word' id='word_1_104' title='bbox 653 1616 776 1672; x_wconf 91' lang='lat' dir='ltr'><strong>urbibus</strong></span> <span class='ocrx_word' id='word_1_105' title='bbox 788 1635 877 1672; x_wconf 90' lang='lat' dir='ltr'><strong>sacra.</strong></span> <span class='ocrx_word' id='word_1_106' title='bbox 901 1613 949 1672; x_wconf 91' lang='lat' dir='ltr'><strong>Sit</strong></span> <span class='ocrx_word' id='word_1_107' title='bbox 963 1614 1048 1690; x_wconf 91' lang='lat' dir='ltr'><strong>apud</strong></span> 
     </span>
     <span class='ocr_line' id='line_1_17' title="bbox 139 1695 1047 1774; baseline 0 -22"><span class='ocrx_word' id='word_1_108' title='bbox 139 1703 171 1753; x_wconf 88' lang='lat' dir='ltr'><strong>te</strong></span> <span class='ocrx_word' id='word_1_109' title='bbox 186 1695 283 1753; x_wconf 89' lang='lat' dir='ltr'><strong>honor</strong></span> <span class='ocrx_word' id='word_1_110' title='bbox 299 1700 486 1774; x_wconf 85' lang='lat' dir='ltr'><strong>antiquitati,</strong></span> <span class='ocrx_word' id='word_1_111' title='bbox 503 1701 543 1754; x_wconf 93' lang='lat' dir='ltr'><strong>sit</strong></span> <span class='ocrx_word' id='word_1_112' title='bbox 566 1697 743 1772; x_wconf 85' lang='lat' dir='ltr'><strong>ingentibus</strong></span> <span class='ocrx_word' id='word_1_113' title='bbox 762 1695 860 1767; x_wconf 89' lang='lat' dir='ltr'><strong>factis,</strong></span> <span class='ocrx_word' id='word_1_114' title='bbox 881 1699 921 1753; x_wconf 91' lang='lat' dir='ltr'><strong>sit</strong></span> <span class='ocrx_word' id='word_1_115' title='bbox 934 1695 1047 1752; x_wconf 83' lang='lat' dir='ltr'><strong>fabulis</strong></span> 
     </span>
     <span class='ocr_line' id='line_1_18' title="bbox 140 1776 1044 1854; baseline 0.001 -21"><span class='ocrx_word' id='word_1_116' title='bbox 140 1797 268 1854; x_wconf 88' lang='lat' dir='ltr'><strong>quoque.</strong></span> <span class='ocrx_word' id='word_1_117' title='bbox 314 1777 399 1834; x_wconf 90' lang='lat' dir='ltr'><strong>Nihil</strong></span> <span class='ocrx_word' id='word_1_118' title='bbox 428 1797 465 1835; x_wconf 83' lang='lat' dir='ltr'><strong>ex</strong></span> <span class='ocrx_word' id='word_1_119' title='bbox 494 1781 669 1854; x_wconf 91' lang='lat' dir='ltr'><strong>cuiusquam</strong></span> <span class='ocrx_word' id='word_1_120' title='bbox 697 1777 860 1853; x_wconf 85' lang='lat' dir='ltr'><strong>dignitate,</strong></span> <span class='ocrx_word' id='word_1_121' title='bbox 891 1776 968 1833; x_wconf 92' lang='lat' dir='ltr'><strong>nihil</strong></span> <span class='ocrx_word' id='word_1_122' title='bbox 1006 1797 1044 1834; x_wconf 85' lang='lat' dir='ltr'><strong>cx</strong></span> 
     </span>
     <span class='ocr_line' id='line_1_19' title="bbox 139 1857 1045 1934; baseline 0.001 -20"><span class='ocrx_word' id='word_1_123' title='bbox 139 1859 292 1930; x_wconf 87' lang='lat' dir='ltr'><strong>libertate,</strong></span> <span class='ocrx_word' id='word_1_124' title='bbox 306 1857 383 1915; x_wconf 92' lang='lat' dir='ltr'><strong>nihil</strong></span> <span class='ocrx_word' id='word_1_125' title='bbox 397 1877 435 1916; x_wconf 87' lang='lat' dir='ltr'><strong>ex</strong></span> <span class='ocrx_word' id='word_1_126' title='bbox 449 1863 612 1916; x_wconf 86' lang='lat' dir='ltr'><strong>iactatione</strong></span> <span class='ocrx_word' id='word_1_127' title='bbox 627 1858 822 1934; x_wconf 87' lang='lat' dir='ltr'><strong>decerpseris.</strong></span> <span class='ocrx_word' id='word_1_128' title='bbox 866 1858 958 1915; x_wconf 86' lang='lat' dir='ltr'><strong>Habe</strong></span> <span class='ocrx_word' id='word_1_129' title='bbox 973 1867 1045 1915; x_wconf 90' lang='lat' dir='ltr'><strong>ante</strong></span> 
     </span>
     <span class='ocr_line' id='line_1_20' title="bbox 140 1939 1044 2017; baseline 0 -20"><span class='ocrx_word' id='word_1_130' title='bbox 140 1939 242 1997; x_wconf 92' lang='lat' dir='ltr'><strong>oculos</strong></span> <span class='ocrx_word' id='word_1_131' title='bbox 256 1940 335 1996; x_wconf 91' lang='lat' dir='ltr'><strong>hanc</strong></span> <span class='ocrx_word' id='word_1_132' title='bbox 344 1959 410 1997; x_wconf 90' lang='lat' dir='ltr'><strong>esse</strong></span> <span class='ocrx_word' id='word_1_133' title='bbox 422 1947 544 2011; x_wconf 91' lang='lat' dir='ltr'><strong>terram,</strong></span> <span class='ocrx_word' id='word_1_134' title='bbox 554 1958 631 2017; x_wconf 91' lang='lat' dir='ltr'><strong>quae</strong></span> <span class='ocrx_word' id='word_1_135' title='bbox 646 1940 733 1997; x_wconf 92' lang='lat' dir='ltr'><strong>nobis</strong></span> <span class='ocrx_word' id='word_1_136' title='bbox 747 1944 863 1998; x_wconf 88' lang='lat' dir='ltr'><strong>miserit</strong></span> <span class='ocrx_word' id='word_1_137' title='bbox 878 1943 950 2009; x_wconf 89' lang='lat' dir='ltr'><strong>iura,</strong></span> <span class='ocrx_word' id='word_1_138' title='bbox 967 1959 1044 2017; x_wconf 90' lang='lat' dir='ltr'><strong>quae</strong></span> 
     </span>
     <span class='ocr_line' id='line_1_21' title="bbox 140 2020 1044 2098; baseline 0 -20"><span class='ocrx_word' id='word_1_139' title='bbox 140 2021 225 2098; x_wconf 85' lang='lat' dir='ltr'><strong>leges</strong></span> <span class='ocrx_word' id='word_1_140' title='bbox 248 2041 311 2078; x_wconf 92' lang='lat' dir='ltr'><strong>non</strong></span> <span class='ocrx_word' id='word_1_141' title='bbox 333 2025 429 2092; x_wconf 80' lang='lat' dir='ltr'><strong>victiS,</strong></span> <span class='ocrx_word' id='word_1_142' title='bbox 458 2021 512 2080; x_wconf 88' lang='lat' dir='ltr'><strong>sed</strong></span> <span class='ocrx_word' id='word_1_143' title='bbox 540 2021 718 2097; x_wconf 88' lang='lat' dir='ltr'><strong>petentibus</strong></span> <span class='ocrx_word' id='word_1_144' title='bbox 745 2020 876 2091; x_wconf 88' lang='lat' dir='ltr'><strong>dederit,</strong></span> <span class='ocrx_word' id='word_1_145' title='bbox 905 2020 1044 2079; x_wconf 85' lang='lat' dir='ltr'><strong>Athenas</strong></span> 
     </span>
     <span class='ocr_line' id='line_1_22' title="bbox 141 2102 1043 2180; baseline -0.001 -20"><span class='ocrx_word' id='word_1_146' title='bbox 141 2123 216 2173; x_wconf 90' lang='lat' dir='ltr'><strong>esse,</strong></span> <span class='ocrx_word' id='word_1_147' title='bbox 239 2123 314 2180; x_wconf 91' lang='lat' dir='ltr'><strong>quas</strong></span> <span class='ocrx_word' id='word_1_148' title='bbox 338 2103 438 2173; x_wconf 89' lang='lat' dir='ltr'><strong>adeas,</strong></span> <span class='ocrx_word' id='word_1_149' title='bbox 459 2102 721 2160; x_wconf 88' lang='lat' dir='ltr'><strong>Lacedaemonem</strong></span> <span class='ocrx_word' id='word_1_150' title='bbox 735 2121 812 2172; x_wconf 89' lang='lat' dir='ltr'><strong>esse,</strong></span> <span class='ocrx_word' id='word_1_151' title='bbox 827 2121 917 2179; x_wconf 93' lang='lat' dir='ltr'><strong>quam</strong></span> <span class='ocrx_word' id='word_1_152' title='bbox 937 2122 1043 2178; x_wconf 87' lang='lat' dir='ltr'><strong>regas;</strong></span> 
     </span>
     <span class='ocr_line' id='line_1_23' title="bbox 117 2180 1042 2261; baseline 0 -21"><span class='ocrx_word' id='word_1_153' title='bbox 117 2180 121 2190; x_wconf 86' lang='lat'>&#39;</span> <span class='ocrx_word' id='word_1_154' title='bbox 140 2185 249 2261; x_wconf 90' lang='lat' dir='ltr'><strong>quibus</strong></span> <span class='ocrx_word' id='word_1_155' title='bbox 264 2184 409 2261; x_wconf 86' lang='lat' dir='ltr'><strong>reliquam</strong></span> <span class='ocrx_word' id='word_1_156' title='bbox 419 2185 555 2242; x_wconf 88' lang='lat' dir='ltr'><strong>umbram</strong></span> <span class='ocrx_word' id='word_1_157' title='bbox 565 2191 597 2241; x_wconf 88' lang='lat' dir='ltr'><strong>et</strong></span> <span class='ocrx_word' id='word_1_158' title='bbox 607 2183 760 2240; x_wconf 90' lang='lat' dir='ltr'><strong>residuum</strong></span> <span class='ocrx_word' id='word_1_159' title='bbox 769 2183 918 2240; x_wconf 85' lang='lat' dir='ltr'><strong>libertatis</strong></span> <span class='ocrx_word' id='word_1_160' title='bbox 933 2203 1042 2240; x_wconf 90' lang='lat' dir='ltr'><strong>nomen</strong></span> 
     </span>
     <span class='ocr_line' id='line_1_24' title="bbox 141 2264 1042 2341; baseline 0 -19"><span class='ocrx_word' id='word_1_161' title='bbox 141 2269 258 2341; x_wconf 88' lang='lat' dir='ltr'><strong>eripere</strong></span> <span class='ocrx_word' id='word_1_162' title='bbox 270 2265 388 2336; x_wconf 92' lang='lat' dir='ltr'><strong>durum,</strong></span> <span class='ocrx_word' id='word_1_163' title='bbox 398 2264 507 2336; x_wconf 89' lang='lat' dir='ltr'><strong>ferum,</strong></span> <span class='ocrx_word' id='word_1_164' title='bbox 515 2266 675 2323; x_wconf 89' lang='lat' dir='ltr'><strong>barbarum</strong></span> <span class='ocrx_word' id='word_1_165' title='bbox 685 2273 739 2322; x_wconf 90' lang='lat' dir='ltr'><strong>est.</strong></span> <span class='ocrx_word' id='word_1_166' title='bbox 770 2265 862 2322; x_wconf 90' lang='lat' dir='ltr'><strong>Vides</strong></span> <span class='ocrx_word' id='word_1_167' title='bbox 877 2284 895 2320; x_wconf 86' lang='lat' dir='ltr'><strong>a</strong></span> <span class='ocrx_word' id='word_1_168' title='bbox 908 2264 1042 2336; x_wconf 87' lang='lat' dir='ltr'><strong>medicis,</strong></span> 
     </span>
    </p>
   </div>
   <div class='ocr_carea' id='block_1_4' title="bbox 141 2461 1042 3051">
    <p class='ocr_par' dir='ltr' id='par_1_6' title="bbox 141 2461 1042 2660">
     <span class='ocr_line' id='line_1_25' title="bbox 174 2461 1041 2528; baseline -0.001 -15"><span class='ocrx_word' id='word_1_169' title='bbox 174 2472 187 2495; x_wconf 77' lang='lat'><em>⁰</em></span> <span class='ocrx_word' id='word_1_170' title='bbox 203 2464 305 2514; x_wconf 84' lang='lat' dir='ltr'><strong>Achaia</strong></span> <span class='ocrx_word' id='word_1_171' title='bbox 316 2466 338 2514; x_wconf 91' lang='lat' dir='ltr'><strong>is</strong></span> <span class='ocrx_word' id='word_1_172' title='bbox 350 2481 379 2514; x_wconf 86' lang='lat' dir='ltr'><strong>so</strong></span> <span class='ocrx_word' id='word_1_173' title='bbox 391 2463 476 2514; x_wconf 86' lang='lat' dir='ltr'><strong>called</strong></span> <span class='ocrx_word' id='word_1_174' title='bbox 487 2465 515 2514; x_wconf 91' lang='lat' dir='ltr'><strong>in</strong></span> <span class='ocrx_word' id='word_1_175' title='bbox 527 2469 647 2515; x_wconf 85' lang='lat' dir='ltr'><strong>contrast</strong></span> <span class='ocrx_word' id='word_1_176' title='bbox 663 2469 693 2514; x_wconf 91' lang='lat' dir='ltr'><strong>to</strong></span> <span class='ocrx_word' id='word_1_177' title='bbox 709 2463 756 2513; x_wconf 91' lang='lat' dir='ltr'><strong>the</strong></span> <span class='ocrx_word' id='word_1_178' title='bbox 772 2463 898 2528; x_wconf 85' lang='lat' dir='ltr'><strong>province</strong></span> <span class='ocrx_word' id='word_1_179' title='bbox 914 2461 942 2510; x_wconf 78' lang='lat' dir='ltr'><strong>ol</strong></span> <span class='ocrx_word' id='word_1_180' title='bbox 958 2462 1041 2512; x_wconf 89' lang='lat' dir='ltr'><strong>Mace-</strong></span> 
     </span>
     <span class='ocr_line' id='line_1_26' title="bbox 142 2523 1042 2595; baseline 0 -17"><span class='ocrx_word' id='word_1_181' title='bbox 142 2529 230 2589; x_wconf 90' lang='lat' dir='ltr'><strong>donia,</strong></span> <span class='ocrx_word' id='word_1_182' title='bbox 254 2534 302 2580; x_wconf 91' lang='lat' dir='ltr'><strong>uot</strong></span> <span class='ocrx_word' id='word_1_183' title='bbox 324 2530 386 2595; x_wconf 86' lang='lat' dir='ltr'><strong>only</strong></span> <span class='ocrx_word' id='word_1_184' title='bbox 409 2546 439 2579; x_wconf 83' lang='lat' dir='ltr'><strong>ae</strong></span> <span class='ocrx_word' id='word_1_185' title='bbox 457 2530 593 2594; x_wconf 89' lang='lat' dir='ltr'><strong>including</strong></span> <span class='ocrx_word' id='word_1_186' title='bbox 610 2535 679 2580; x_wconf 83' lang='lat' dir='ltr'><strong>most</strong></span> <span class='ocrx_word' id='word_1_187' title='bbox 696 2523 724 2578; x_wconf 86' lang='lat' dir='ltr'><strong>ol</strong></span> <span class='ocrx_word' id='word_1_188' title='bbox 746 2528 844 2580; x_wconf 78' lang='lat' dir='ltr'><strong>Graece</strong></span> <span class='ocrx_word' id='word_1_189' title='bbox 867 2543 972 2592; x_wconf 88' lang='lat' dir='ltr'><strong>proper,</strong></span> <span class='ocrx_word' id='word_1_190' title='bbox 994 2527 1042 2578; x_wconf 81' lang='lat' dir='ltr'><strong>but</strong></span> 
     </span>
     <span class='ocr_line' id='line_1_27' title="bbox 141 2593 734 2660; baseline 0 -16"><span class='ocrx_word' id='word_1_191' title='bbox 141 2595 251 2644; x_wconf 83' lang='lat' dir='ltr'><strong>because</strong></span> <span class='ocrx_word' id='word_1_192' title='bbox 263 2597 286 2646; x_wconf 87' lang='lat' dir='ltr'><strong>it</strong></span> <span class='ocrx_word' id='word_1_193' title='bbox 297 2594 439 2646; x_wconf 90' lang='lat' dir='ltr'><strong>contained</strong></span> <span class='ocrx_word' id='word_1_194' title='bbox 450 2595 554 2645; x_wconf 89' lang='lat' dir='ltr'><strong>Athens</strong></span> <span class='ocrx_word' id='word_1_195' title='bbox 566 2595 617 2644; x_wconf 88' lang='lat' dir='ltr'><strong>and</strong></span> <span class='ocrx_word' id='word_1_196' title='bbox 630 2593 734 2660; x_wconf 87' lang='lat' dir='ltr'><strong>Sparta.</strong></span> 
     </span>
    </p>

    <p class='ocr_par' dir='ltr' id='par_1_7' title="bbox 141 2658 1041 2792">
     <span class='ocr_line' id='line_1_28' title="bbox 174 2658 1041 2726; baseline -0.002 -16"><span class='ocrx_word' id='word_1_197' title='bbox 174 2660 242 2710; x_wconf 66' lang='lat' dir='ltr'><strong>lic.</strong></span> <span class='ocrx_word' id='word_1_198' title='bbox 264 2662 390 2726; x_wconf 87' lang='lat' dir='ltr'><strong>enjoying</strong></span> <span class='ocrx_word' id='word_1_199' title='bbox 407 2661 525 2710; x_wconf 89' lang='lat' dir='ltr'><strong>nominal</strong></span> <span class='ocrx_word' id='word_1_200' title='bbox 544 2659 750 2725; x_wconf 87' lang='lat' dir='ltr'><strong>independeuce‚</strong></span> <span class='ocrx_word' id='word_1_201' title='bbox 772 2658 825 2708; x_wconf 88' lang='lat' dir='ltr'><strong>and</strong></span> <span class='ocrx_word' id='word_1_202' title='bbox 848 2673 919 2707; x_wconf 88' lang='lat' dir='ltr'><strong>ruore</strong></span> <span class='ocrx_word' id='word_1_203' title='bbox 941 2673 971 2706; x_wconf 86' lang='lat' dir='ltr'><strong>or</strong></span> <span class='ocrx_word' id='word_1_204' title='bbox 991 2659 1041 2708; x_wconf 82' lang='lat' dir='ltr'><strong>lesa</strong></span> 
     </span>
     <span class='ocr_line' id='line_1_29' title="bbox 141 2726 572 2792; baseline -0.005 -16"><span class='ocrx_word' id='word_1_205' title='bbox 141 2731 285 2792; x_wconf 87' lang='lat' dir='ltr'><strong>autonomy</strong></span> <span class='ocrx_word' id='word_1_206' title='bbox 297 2726 381 2776; x_wconf 90' lang='lat' dir='ltr'><strong>under</strong></span> <span class='ocrx_word' id='word_1_207' title='bbox 393 2727 495 2775; x_wconf 88' lang='lat' dir='ltr'><strong>Roman</strong></span> <span class='ocrx_word' id='word_1_208' title='bbox 507 2726 572 2775; x_wconf 89' lang='lat' dir='ltr'><strong>rule.</strong></span> 
     </span>
    </p>

    <p class='ocr_par' dir='ltr' id='par_1_8' title="bbox 142 2790 1038 3051">
     <span class='ocr_line' id='line_1_30' title="bbox 175 2790 1038 2849; baseline -0.002 -9"><span class='ocrx_word' id='word_1_209' title='bbox 175 2800 185 2823; x_wconf 82' lang='lat'><strong><em>⁶</em></strong></span> <span class='ocrx_word' id='word_1_210' title='bbox 201 2791 243 2840; x_wconf 63' lang='lat' dir='ltr'><strong>ie.</strong></span> <span class='ocrx_word' id='word_1_211' title='bbox 259 2791 304 2840; x_wconf 87' lang='lat' dir='ltr'><strong>the</strong></span> <span class='ocrx_word' id='word_1_212' title='bbox 318 2795 335 2818; x_wconf 83' lang='lat'><strong>‘⁴</strong></span> <span class='ocrx_word' id='word_1_213' title='bbox 346 2792 422 2840; x_wconf 85' lang='lat' dir='ltr'><strong>Laws</strong></span> <span class='ocrx_word' id='word_1_214' title='bbox 435 2791 462 2840; x_wconf 86' lang='lat' dir='ltr'><strong>of</strong></span> <span class='ocrx_word' id='word_1_215' title='bbox 480 2791 526 2840; x_wconf 87' lang='lat' dir='ltr'><strong>the</strong></span> <span class='ocrx_word' id='word_1_216' title='bbox 543 2790 649 2840; x_wconf 84' lang='lat' dir='ltr'><strong>Twelve</strong></span> <span class='ocrx_word' id='word_1_217' title='bbox 667 2790 762 2840; x_wconf 85' lang='lat' dir='ltr'><strong>Tables</strong></span> <span class='ocrx_word' id='word_1_218' title='bbox 771 2790 785 2812; x_wconf 92' lang='lat'>”</span> <span class='ocrx_word' id='word_1_219' title='bbox 805 2791 912 2849; x_wconf 73' lang='lat'>(451-50</span> <span class='ocrx_word' id='word_1_220' title='bbox 929 2792 991 2849; x_wconf 79' lang='lat' dir='ltr'><strong>rao.)</strong></span> <span class='ocrx_word' id='word_1_221' title='bbox 1007 2806 1038 2838; x_wconf 89' lang='lat' dir='ltr'><strong>on</strong></span> 
     </span>
     <span class='ocr_line' id='line_1_31' title="bbox 142 2854 1035 2920; baseline 0.001 -16"><span class='ocrx_word' id='word_1_222' title='bbox 142 2856 230 2905; x_wconf 82' lang='lat' dir='ltr'><strong>which</strong></span> <span class='ocrx_word' id='word_1_223' title='bbox 252 2855 299 2906; x_wconf 87' lang='lat' dir='ltr'><strong>the</strong></span> <span class='ocrx_word' id='word_1_224' title='bbox 322 2856 407 2906; x_wconf 88' lang='lat' dir='ltr'><strong>whole</strong></span> <span class='ocrx_word' id='word_1_225' title='bbox 434 2856 462 2905; x_wconf 84' lang='lat' dir='ltr'><strong>oi</strong></span> <span class='ocrx_word' id='word_1_226' title='bbox 485 2857 588 2906; x_wconf 86' lang='lat' dir='ltr'><strong>Roman</strong></span> <span class='ocrx_word' id='word_1_227' title='bbox 613 2856 814 2920; x_wconf 85' lang='lat' dir='ltr'><strong>jurisprudence</strong></span> <span class='ocrx_word' id='word_1_228' title='bbox 843 2870 897 2904; x_wconf 86' lang='lat' dir='ltr'><strong>was</strong></span> <span class='ocrx_word' id='word_1_229' title='bbox 919 2854 1035 2905; x_wconf 84' lang='lat' dir='ltr'><strong>founded.</strong></span> 
     </span>
     <span class='ocr_line' id='line_1_32' title="bbox 143 2915 1037 2980; baseline 0.001 -11"><span class='ocrx_word' id='word_1_230' title='bbox 143 2920 270 2970; x_wconf 84' lang='lat' dir='ltr'><strong>Previous</strong></span> <span class='ocrx_word' id='word_1_231' title='bbox 292 2925 321 2970; x_wconf 92' lang='lat' dir='ltr'><strong>to</strong></span> <span class='ocrx_word' id='word_1_232' title='bbox 348 2920 445 2971; x_wconf 84' lang='lat' dir='ltr'><strong>framin</strong></span> <span class='ocrx_word' id='word_1_233' title='bbox 491 2921 546 2970; x_wconf 86' lang='lat' dir='ltr'><strong>this</strong></span> <span class='ocrx_word' id='word_1_234' title='bbox 574 2920 647 2980; x_wconf 89' lang='lat' dir='ltr'><strong>code,</strong></span> <span class='ocrx_word' id='word_1_235' title='bbox 673 2922 718 2970; x_wconf 87' lang='lat' dir='ltr'><strong>the</strong></span> <span class='ocrx_word' id='word_1_236' title='bbox 746 2920 863 2970; x_wconf 83' lang='lat' dir='ltr'><strong>Romans</strong></span> <span class='ocrx_word' id='word_1_237' title='bbox 891 2925 950 2969; x_wconf 82' lang='lat' dir='ltr'><strong>sent</strong></span> <span class='ocrx_word' id='word_1_238' title='bbox 975 2915 1037 2970; x_wconf 80' lang='lat' dir='ltr'><strong>corh-</strong></span> 
     </span>
     <span class='ocr_line' id='line_1_33' title="bbox 143 2937 935 3051; baseline 0.001 -18"><span class='ocrx_word' id='word_1_239' title='bbox 143 2986 294 3036; x_wconf 84' lang='lat' dir='ltr'><strong>missioners</strong></span> <span class='ocrx_word' id='word_1_240' title='bbox 305 2991 334 3036; x_wconf 88' lang='lat' dir='ltr'><strong>to</strong></span> <span class='ocrx_word' id='word_1_241' title='bbox 346 2986 427 3051; x_wconf 87' lang='lat' dir='ltr'><strong>study</strong></span> <span class='ocrx_word' id='word_1_242' title='bbox 439 2937 486 3036; x_wconf 67' lang='lat' dir='ltr'><strong>the</strong></span> <span class='ocrx_word' id='word_1_243' title='bbox 497 2986 562 3036; x_wconf 79' lang='lat' dir='ltr'><strong>lawa</strong></span> <span class='ocrx_word' id='word_1_244' title='bbox 574 2985 602 3035; x_wconf 84' lang='lat' dir='ltr'><strong>of</strong></span> <span class='ocrx_word' id='word_1_245' title='bbox 613 2985 659 3035; x_wconf 91' lang='lat' dir='ltr'><strong>the</strong></span> <span class='ocrx_word' id='word_1_246' title='bbox 671 2986 741 3035; x_wconf 85' lang='lat' dir='ltr'><strong>chiel</strong></span> <span class='ocrx_word' id='word_1_247' title='bbox 752 2975 840 3036; x_wconf 77' lang='lat' dir='ltr'><strong>Greek</strong></span> <span class='ocrx_word' id='word_1_248' title='bbox 852 2986 935 3036; x_wconf 87' lang='lat' dir='ltr'><strong>citios.</strong></span> 
     </span>
    </p>
   </div>
   <div class='ocr_carea' id='block_1_5' title="bbox 147 3080 202 3136">
    <p class='ocr_par' dir='ltr' id='par_1_9' title="bbox 147 3080 202 3136">
     <span class='ocr_line' id='line_1_34' title="bbox 147 3080 202 3136; baseline 0.036 -2"><span class='ocrx_word' id='word_1_249' title='bbox 147 3080 202 3136; x_wconf 89' lang='lat'><strong>168</strong></span> 
     </span>
    </p>
   </div>
   <div class='ocr_carea' id='block_1_6' title="bbox 0 0 1088 3438">
    <p class='ocr_par' dir='ltr' id='par_1_10' title="bbox 0 0 1088 3438">
     <span class='ocr_line' id='line_1_35' title="bbox 0 0 1088 3438; baseline 0 0"><span class='ocrx_word' id='word_1_250' title='bbox 0 0 1088 3438; x_wconf 95' lang='lat' dir='ltr'><strong> </strong></span> 
     </span>
    </p>
   </div>
  </div>
 </body>
</html>
