2158 3436
321 187 409 245 THE
438 183 621 245 LETTERS
648 185 701 245 OF
732 185 859 244 PLINY

139 347 280 405 illustrari
300 348 412 425 ubique
427 355 459 404 et
471 351 601 403 maxime
623 346 669 402 his
690 346 772 416 locis,
794 345 902 421 quibus
923 347 1049 400 incitari

140 454 178 511 ad
193 458 395 511 imitationem
410 456 575 530 praepositi
590 472 691 509 rerum
712 456 776 509 eius
798 470 887 507 curae
908 459 1049 526 possent,

140 569 173 618 ct
209 560 352 618 Pallantis
386 563 606 636 spectatissima
640 559 715 616 fides
749 566 841 634 atque
869 561 1050 615 innocentia

140 669 280 744 exemplo
289 687 451 744 provocare
461 667 595 724 studium
603 674 667 723 tam
675 665 822 723 honestae
832 664 1050 722 aemulationis

139 783 251 851 posset,
273 793 309 832 ea
333 793 410 851 quae
434 773 477 830 IV
502 772 566 830 Kal.
593 771 778 844 FebruariaS,
794 778 871 850 quae
890 776 1051 848 proximae

141 867 278 939 fuissent,
314 872 345 924 in
379 867 563 944 amplissimo
597 866 703 924 ordine
737 871 869 943 optimus
903 870 1050 944 princeps

142 967 309 1032 recitasset,
337 970 520 1039 senatusque
552 961 689 1019 consulta
720 961 760 1020 de
789 965 826 1018 iis
849 962 940 1018 rebus
964 960 1049 1019 facta

141 1060 173 1112 in
188 1076 257 1114 aere
272 1055 489 1126 inciderentur,
504 1055 595 1131 idque
617 1074 668 1112 aes
688 1054 834 1131 figeretur
853 1054 892 1112 ad
913 1062 1049 1112 statuam

142 1150 296 1206 loricatam
324 1149 385 1207 divi
415 1149 502 1206 lulii.’
548 1148 655 1206 Parum
683 1153 780 1206 visum
808 1157 963 1206 tantorum
995 1149 1049 1206 de-

141 1243 284 1301 decorum
305 1263 370 1302 esse
393 1247 504 1300 curiam
533 1250 656 1313 testem,
680 1242 818 1300 delectus
842 1250 890 1300 est
912 1242 1050 1300 celeber-

142 1343 234 1396 rimus
259 1338 350 1409 locus,
375 1343 408 1394 in
430 1357 490 1415 quo
514 1337 646 1413 legenda
670 1337 889 1413 praesentibuS,
914 1336 1049 1412 legenda

142 1436 251 1494 futuris
285 1437 494 1513 proderentur.
553 1435 670 1492 Placuit
703 1455 772 1492 aere
801 1439 913 1511 signari
941 1455 1049 1492 omnes

142 1534 271 1592 honores
286 1533 515 1591 fastidiosissimi
535 1537 686 1610 mancipii,
702 1553 836 1610 quosque
857 1533 1049 1609 repudiasset

143 1651 287 1709 quosque,
303 1640 450 1709 quantum
464 1632 503 1689 ad
517 1632 712 1690 decernentis
726 1635 871 1708 pertinet,
892 1636 1045 1708 gessisset.

143 1731 248 1788 incisa.
265 1739 298 1787 et
318 1730 469 1806 insculpta
489 1738 561 1788 sunt
582 1730 709 1806 publicis
728 1734 921 1807 aeternisque
941 1751 1048 1787 monu-

144 1834 255 1887 mentis
294 1833 444 1906 practoria
483 1837 661 1886 ornamenta
701 1827 844 1886 Pallantis
880 1833 924 1886 sic
963 1833 1047 1906 quasi

143 1926 267 1984 foedera
300 1931 434 2004 antiqua,
469 1931 511 1984 sic
546 1932 630 2005 quasi
665 1947 766 1985 sacrae
799 1927 892 2004 leges.
950 1927 1047 1984 Tanta

143 2029 296 2102 principia,
311 2033 397 2083 tanta
411 2033 544 2096 senatuS,
565 2034 653 2083 tanta
675 2025 818 2084 Pallantis
839 2026 1045 2103 ipsius—quid

143 2124 251 2194 dicam,
265 2127 377 2194 nescio,
392 2131 427 2180 ut
440 2123 557 2180 vellent
570 2127 602 2180 in
616 2124 710 2181 oculis
725 2128 860 2181 omnium
877 2124 928 2200 figi
952 2124 1047 2180 Pallas

143 2220 336 2279 insolentiam
364 2241 458 2291 suam,
486 2226 666 2297 patientiam
697 2222 815 2294 Caesar,
842 2222 1045 2280 humilitatem

144 2328 275 2378 senatus.

185 2418 251 2475 Nec
265 2417 375 2494 puduit
396 2422 544 2476 rationem
564 2420 748 2496 turpitudini
769 2420 948 2492 obtendere,
962 2440 1046 2497 egre-

144 2520 225 2592 giam
254 2514 377 2592 quidem
404 2515 622 2593 pulchramque
643 2521 800 2588 rationem,
829 2525 882 2574 ‘ut
908 2517 1046 2594 exemplo

147 2613 290 2671 Pallantis
304 2617 504 2689 praemiorum
528 2615 567 2672 ad
581 2615 715 2673 studium
729 2615 940 2674 aemulationis
954 2619 1045 2673 ceteri

145 2713 396 2787 provocarentur!
461 2712 505 2768 Ea
532 2712 681 2770 honorum
702 2713 801 2771 vilitas
829 2721 904 2785 erat,
928 2713 1044 2771 illorum

146 2813 249 2880 etiam,
262 2829 336 2886 quos
352 2809 448 2868 Pallas
462 2831 524 2867 non
538 2811 767 2888 dedignabatur.
811 2812 1045 2870 Inveniebantur

179 2973 192 2995 ‘¹
208 2965 326 3026 loricata,
348 2969 489 3032 “wearing
506 2984 522 3017 a
539 2969 665 3029 cuirass,”
683 2986 766 3019 seems
784 2979 813 3020 to
829 2971 897 3020 have
917 2969 986 3020 been
1003 2971 1043 3019 the

146 3030 252 3093 regular
263 3031 429 3096 designation
441 3033 469 3082 of
479 3033 534 3082 this
547 3039 645 3096 statue,
656 3035 742 3084 which
755 3035 832 3086 stood
844 3038 871 3086 in
884 3036 930 3085 the
942 3037 1041 3086 Forum.

150 3140 207 3180 110
