2158 3436
337 239 425 298 THE
455 239 638 299 LETTERS
667 241 721 299 OF
752 239 877 297 PLINY

157 402 302 458 Praesens
330 421 444 458 numen
478 409 571 477 atque
606 404 699 457 etiam
733 398 890 456 fatidicum
925 398 1067 456 indicant

156 530 260 579 sortes,
303 522 412 602 Sparsa
426 529 498 602 sunt
519 525 596 577 circa
618 520 727 577 sacella
742 520 895 596 complura
916 519 1067 578 totidem-

156 661 215 718 que
230 642 269 698 di.
314 641 374 700 Sua
395 645 503 718 cuique
518 645 684 711 veneratio,
699 660 786 697 suum
801 659 922 710 nomen,
938 641 1067 718 quibus-

155 761 225 818 dam
248 781 319 818 vero
345 759 437 846 etiam
459 759 569 860 fontes.
621 760 707 838 Nam
722 767 844 837 praeter
869 759 954 816 illum
977 766 1067 836 quasi

584 839 636 874 tre
659 836 682 876 ⁰..
814 869 820 876 .

155 889 314 956 parentem
343 889 513 938 ceterorum
538 877 610 939 sunt'
637 884 768 937 minores
793 869 892 956 dupite
920 879 1067 947 discreti;

156 1001 209 1057 sed
238 1000 353 1057 flumini
388 1005 563 1070 miscentur,
592 999 672 1076 quod
707 1007 801 1076 ponte
830 1003 1064 1058 transmittitur.

158 1121 187 1178 Is
218 1125 367 1178 terminus
388 1125 463 1177 sacri
491 1121 678 1198 profanique.
733 1119 770 1176 ln
792 1123 945 1196 superiore
975 1130 1067 1196 parte

156 1244 297 1316 navigare
332 1248 461 1311 tantum,
497 1239 574 1296 infra
609 1244 701 1296 etiam
736 1246 841 1295 natare
877 1258 1066 1297 concessum.

158 1360 315 1417 Balineum
352 1359 549 1435 Hispellates,
578 1359 686 1436 quibus
721 1358 806 1415 illum
841 1358 941 1415 locum
976 1359 1067 1416 divus

158 1479 313 1555 Augustus
334 1479 414 1535 dono
435 1479 532 1550 dedit,
545 1479 666 1555 publice
687 1479 844 1555 praebent,
859 1479 1013 1554 praebent
1036 1489 1067 1536 et

157 1598 328 1673 hospitium.
374 1597 438 1654 Nec
460 1598 572 1655 desunt
587 1597 684 1668 villae,
698 1618 776 1674 quae
791 1604 913 1654 secutae
932 1596 1069 1655 fluminis

157 1721 374 1774 amoenitatem
388 1721 517 1792 margini
532 1721 684 1775 insistunt.

199 1835 236 1891 In
251 1856 366 1892 summa
381 1834 456 1892 nihil
471 1840 539 1906 erit,
549 1856 586 1893 ex
602 1857 661 1913 quo
675 1857 737 1894 non
752 1841 850 1914 capias
863 1838 1066 1915 voluptatem.

159 1956 237 2012 Nam
266 1955 403 2013 studebis
431 1975 569 2033 quoque3
600 1964 633 2014 et
661 1957 745 2033 leges
772 1957 870 2014 multa
897 1958 1067 2018 multorum

157 2077 296 2133 omnibus
310 2076 466 2148 columniS,
482 2078 621 2135 omnibus
642 2080 806 2154 parietibus
827 2083 983 2155 inscripta,
1000 2087 1067 2159 qui-

157 2197 212 2254 bus
224 2195 290 2252 fons
305 2196 356 2253 ille
371 2197 506 2274 deusque
521 2199 698 2257 celebratur.
743 2198 831 2257 Plura
845 2198 993 2271 laudabis,
1003 2222 1066 2258 non

157 2316 240 2374 nulla
254 2318 365 2375 ridebis
376 2338 383 2387 ;
405 2339 585 2395 quamquam
596 2328 632 2377 tu
640 2340 720 2391 vero,
730 2340 807 2396 quae
818 2328 871 2376 tua
880 2319 1068 2385 humanitus,

157 2436 240 2494 nulla
253 2438 373 2494 ridebis.
417 2437 499 2494 Vale.

588 2647 631 2704 IX

412 2804 442 2860 C.
461 2801 581 2861 Pnuuus
597 2804 681 2862 Unso
696 2805 758 2862 Suo
773 2806 801 2862 S.

200 2962 281 3020 Omu
306 2982 367 3018 non
387 2961 498 3020 librum
525 2968 558 3020 in
584 2983 700 3033 manus
723 2985 784 3021 non
812 2965 916 3022 stilum
938 2971 1065 3040 sumpsi.

158 3076 229 3132 olim
244 3081 355 3148 nescis,
370 3079 442 3155 quid
457 3083 496 3134 sit
517 3083 622 3148 otium,
637 3078 708 3155 quid
724 3084 818 3156 quies,
834 3079 907 3156 quid
928 3081 1064 3155 denique

163 3186 217 3242 116
