2150 3444
30 187 51 299 l
291 247 381 306 THE
410 245 593 303 LETTERS
621 243 676 302 OF
705 240 831 299 PLINY

26 323 156 466 l'
60 449 154 497 y
146 415 319 492 tcfflsa.
377 408 521 478 contegi;
564 403 646 482 quod
681 401 743 471 fiet,
773 405 798 458 si
833 404 1051 521 permiseris,

42 536 43 540 ¹
111 513 286 569 curantibus
316 511 412 580 uobis,
437 529 476 567 ne
509 507 590 566 desit
624 527 745 585 quoque
774 510 906 583 petavio
944 541 982 584 a
1004 513 1048 580 ÷3i

22 536 52 668 V
111 627 174 676 tam
189 636 310 694 magno,
325 636 415 695 quam
430 619 608 673 necessario.

514 847 616 904 XCIX

423 1006 578 1064 Tucianus
601 1005 706 1063 Ptnuo

154 1167 297 1224 Rarionis
312 1174 368 1237 est,
383 1169 425 1222 mi
440 1164 580 1223 Secunde
596 1168 757 1234 carissime,
771 1168 894 1240 contegi
911 1185 1030 1242 aquam

111 1280 210 1346 istam,
239 1294 316 1351 quae
345 1293 399 1350 per
427 1276 582 1330 civitatem
610 1272 870 1329 Amastrianorum
894 1271 978 1343 fluit,
1004 1277 1028 1330 si

112 1386 228 1440 intecta
256 1380 425 1438 salubritati
453 1381 548 1438 obest.
594 1379 724 1437 Pecunia
753 1399 792 1436 ne
827 1378 898 1436 huic
935 1386 1024 1456 operi

112 1488 202 1559 desit,
233 1495 406 1545 curaturum
438 1495 470 1544 te
506 1486 673 1545 secundum
704 1485 895 1562 diligentiam
935 1494 1022 1543 tuam

4 1601 5 1639 l
112 1603 230 1652 certum
244 1593 350 1652 habeo.

554 1827 578 1882 C

290 1987 321 2043 C.
347 1987 468 2044 Pnnuus
489 1986 628 2044 Traiano
651 1987 837 2044 lurnunroiu

155 2148 249 2218 Vorn,
291 2147 425 2218 domine,
466 2152 600 2224 priorum
648 2167 795 2205 annorum
844 2159 1007 2227 nuncupata

112 2255 225 2313 alacres
238 2255 373 2331 laetique
387 2253 584 2330 persolvimus
593 2274 729 2331 novaque
738 2275 837 2313 rursus
857 2264 983 2315 certante
996 2259 1004 2294 ¹

114 2361 354 2419 commilitonum
377 2369 410 2418 et
432 2361 660 2437 provincialium
681 2365 807 2437 pietate,
833 2366 1003 2439 suscepimus

114 2471 229 2544 precati
251 2467 334 2539 deos,
360 2475 395 2525 ut
417 2476 450 2525 te
472 2487 597 2544 remque
620 2468 772 2544 publicam
799 2467 945 2526 florentem
970 2479 1002 2528 et

114 2574 296 2632 incolumem
326 2594 361 2632 ea
389 2575 581 2651 benignitate
610 2584 776 2646 servarent,
804 2596 888 2653 quam
916 2596 1000 2653 super

113 2701 238 2758 magnas
272 2682 476 2759 plurimasque
510 2687 638 2741 virtutes
667 2688 827 2761 praecipua
846 2689 997 2758 sanctitate,

114 2787 282 2866 obsequio,l
296 2788 422 2846 deorum
436 2787 551 2846 honore
566 2794 712 2847 meruisti.

310 2922 319 2953 ¹
336 2926 456 2972 uertente
469 2921 604 2983 (lothariae,
617 2927 728 2973 curante
738 2940 765 2983 α,
778 2923 827 2973 Au.

310 2987 321 3018 ²
338 2988 463 3053 obsequio
476 2988 630 3050 Beroaldus,
643 2989 752 3054 obsequi
763 3006 788 3050 a,
803 2989 851 3040 Aa.
