2162 3438
324 229 413 291 THE
442 229 626 289 LETTERS
654 229 710 288 OF
736 230 863 289 PLINY

140 396 255 452 artibus
280 399 433 455 excusatio
455 398 486 450 in
511 390 647 462 numero,
669 391 780 450 litteris
805 391 909 449 durior
930 393 993 463 lex,
1017 398 1046 448 in

140 518 249 594 quibus
271 519 417 577 diffieilior
431 518 557 576 effeetus
578 517 648 574 est?
691 515 774 608 Quid
796 524 902 574 autem
927 536 988 594 ego
1009 517 1047 574 de

140 646 228 698 venia
248 647 333 720 quasi
349 643 507 720 ingratus?
550 643 638 712 Nam,
653 645 677 699 si
692 661 728 699 ea
742 641 888 699 facilitate
911 646 1049 718 proxima

139 771 291 843 acceperis
325 783 385 844 qua
418 771 525 845 priora,
556 767 621 824 laus
649 770 749 842 potius
777 764 928 842 speranda
956 786 1048 843 quam

139 894 228 948 venia
254 891 438 949 obsecranda
453 900 507 950 est.
552 891 630 948 Mihi
664 899 768 949 tamen
803 894 892 948 venia
927 892 1046 949 sufficit.

139 1013 222 1072 Vale.

542 1161 639 1264 xxx,

359 1315 390 1372 C.
417 1315 536 1372 Pennus
558 1313 682 1370 Gauiuo
705 1311 765 1370 Suo
787 1312 816 1370 S.

178 1456 299 1514 Lnunus
333 1456 407 1513 mihi
442 1463 475 1512 et
508 1454 687 1532 frequenter·
706 1472 864 1530 praesens
892 1463 926 1511 et
963 1476 1045 1513 nunc

136 1602 191 1659 per
214 1581 359 1658 epistulas
387 1579 520 1637 Nonium
547 1587 644 1649 tuum,
672 1578 753 1655 quod
781 1581 822 1635 sit
849 1578 984 1640 liberalis
1014 1584 1044 1636 in

135 1704 311 1782 quosdam·
347 1703 387 1760 Et
421 1707 486 1780 ipse
520 1701 620 1772 laud0,
649 1705 673 1758 si
700 1709 805 1759 tamen
836 1664 899 1758 n'on
926 1706 960 1759 in
988 1703 1044 1761 hos

135 1793 220 1887 solos
264 1827 340 1885 Volo
368 1833 450 1885 enim
478 1847 558 1897 eum,
586 1830 638 1903 qui
666 1830 705 1884 sit
733 1845 804 1885 vere
826 1817 969 1898 liberalis,
992 1833 1044 1885 tri-

135 1925 227 2012 buere
261 1957 387 2052 patriae,
422 1935 607 2029 propinquis
641 1944 800 2020 adfinibus,
836 1953 951 2021 amicis,
986 1952 1042 2009 sed

120 2077 237 2136 ¹amieis
264 2077 333 2134 dieo
360 2077 551 2182 pauperibus,
574 2095 636 2132 ιιοιι
661 2083 696 2133 ut
718 2078 777 2144 isti,
802 2078 854 2151 qui
881 2079 918 2132 iis
941 2079 1041 2152 potis-

134 2181 243 2259 simum
269 2200 396 2283 donant,
420 2203 493 2296 qui
499 2199 611 2292 donare
636 2202 767 2264 maxime
790 2207 926 2274 possunt.
974 2200 1042 2260 Hos

126 2309 194 2400 ,eg6
216 2327 335 2380 viscatis
355 2305 545 2400 hamatisque
555 2287 735 2380 muneribus
749 2341 811 2379 non
825 2341 878 2380 sua
899 2343 1040 2398 promere

135 2455 231 2536 putu,
248 2447 302 2504 sed
336 2447 435 2527 aliena
463 2451 621 2528 corripere.
678 2445 758 2504 Sunt
785 2450 910 2523 ingenio
937 2450 1040 2520 simili,

93 2584 95 2587 '
134 2575 195 2648 qui,
230 2569 312 2648 quod
347 2569 416 2627 huie
451 2569 576 2651 donant,
610 2569 754 2628 auferunt
786 2570 831 2626 illi
865 2569 1041 2649 famamque

133 2696 342 2790 liberalitatis.
356 2699 480 2752 avaritia
514 2702 633 2772 petunt.
673 2695 822 2776 ¹Primum
857 2705 905 2754 est
932 2706 1039 2758 autem

133 2810 191 2874 suo'
212 2835 277 2874 esse
302 2805 491 2887 cantantum,
519 2816 642 2887 deinde,
669 2787 745 2894 ¹quus
772 2823 934 2896 praecipue
962 2827 1040 2882 scias

133 2938 281 3013 indigere,
309 2947 533 2996 sustentantem
551 2939 777 3018 vfoventemque
808 2943 880 3000 orbe
906 2946 1038 3020 quodam

133 3064 284 3117 societatis
298 3061 419 3118 ambire.
464 3061 551 3134 Quae
566 3070 676 3121 cuncta
697 3069 722 3122 si
746 3064 820 3124 facit
833 3070 903 3138 iste,
927 3087 1037 3148 usque-

138 3169 192 3237 246
