2160 3438
323 201 412 262 THE
440 199 623 260 LETTERS
651 199 706 256 OF
736 196 861 256 PLINY

141 364 176 414 ut
198 353 374 432 propinquis
388 358 453 411 eius
466 353 521 410 des
540 356 705 421 civitatem,
730 349 899 427 Chrysippo
924 348 1053 406 Mithri·

142 470 230 540 datis,
245 475 390 547 uxorique
413 468 573 545 Chrysippi
598 466 788 524 Stratonicae
804 463 947 540 Epigoni,
974 467 1053 520 item

141 586 243 644 liberis
258 586 394 643 eiusdem
414 585 583 661 Chrysippi,
599 582 739 659 Epigono
753 588 786 638 et
798 578 986 649 Mithridati,
1010 583 1054 637 ita

141 709 177 759 ut
211 706 272 760 sint
300 704 332 757 in
360 704 454 776 patris
481 706 645 776 potestate,
673 705 769 774 utque
796 701 832 754 iis
860 699 892 752 in
920 694 1054 753 libertos

141 826 278 876 servetur
299 821 345 875 ius
365 824 569 893 patronorum.
614 813 695 872 Item
717 833 800 890 rogo,
821 810 985 888 indulgeas
1007 816 1054 869 ius

142 931 307 1004 Quiritium
333 930 366 989 L.
390 930 487 990 Satrio
510 930 695 988 Abascantio
716 937 749 986 et
771 927 802 986 P.
825 927 932 984 Caesio
957 926 1053 986 Phos-

141 1047 236 1125 phoro
261 1055 294 1107 et
316 1046 486 1104 Anchariae
509 1044 660 1114 Soteridi3
682 1044 764 1121 quod
781 1051 852 1100 ate
874 1041 1054 1100 volentibus

142 1166 276 1238 patronis
290 1169 370 1239 peto.

566 1472 626 1530 XII

321 1599 351 1656 C.
377 1598 498 1656 Pururus
518 1597 657 1654 Tasrsuo
679 1597 867 1655 luransroar

184 1722 263 1794 Sero,
286 1723 418 1793 domine,
443 1726 606 1780 memoriae
633 1730 715 1794 tuae,
744 1742 821 1800 quae
850 1730 899 1780 est
924 1721 1050 1781 benefa-

144 1829 244 1889 ciendi
265 1833 465 1901 tenacissima,
489 1849 595 1905 preces
618 1837 735 1886 nostras
757 1829 925 1887 inhaerere.
973 1829 1048 1901 Quia

144 1945 247 1994 tamen
282 1940 314 1994 in
348 1931 419 1992 hoc¹
440 1956 560 2014 quoque
589 1955 680 2012 saepe
708 1936 869 2006 indulsisti,
899 1934 1048 1994 admoneo

144 2045 233 2102 simul
254 2052 287 2102 et
307 2048 445 2121 impense
469 2063 552 2121 rogo,
575 2051 610 2102 ut
630 2044 758 2102 Accium
781 2043 887 2101 Suram
907 2052 1049 2120 praetura

145 2170 290 2209 exornare
304 2149 449 2227 digneris,
464 2170 534 2208 cum
547 2150 630 2208 locus
645 2158 741 2209 vacet.
785 2150 835 2209 Ad
850 2171 943 2228 quam
965 2171 1048 2228 spem

144 2259 257 2337 alioqui
277 2263 499 2337 quietissimum
521 2259 661 2317 hortatur
683 2267 716 2318 et
737 2260 884 2318 natalium
905 2259 1048 2336 splendor

146 2376 178 2426 et
203 2386 319 2425 summa
340 2369 501 2444 integritas
529 2371 560 2423 in
588 2374 769 2443 paupertate
798 2374 830 2424 et
851 2373 925 2424 ante
950 2371 1049 2424 omnis

146 2473 274 2531 felicitas
289 2481 470 2550 temporum,
485 2493 562 2551 quae
577 2475 687 2531 bonam
702 2476 918 2531 conscientiam
940 2478 1048 2531 civium

146 2589 267 2639 tuorum
301 2581 340 2638 ad
374 2601 462 2639 usum
489 2581 700 2658 indulgentiae
734 2589 806 2639 tuae
840 2590 986 2657 provocat
1019 2589 1048 2638 et

147 2704 270 2763 attollit.
1055 2729 1056 2769 l

181 2857 194 2878 ⁶
211 2849 253 2896 An
265 2849 431 2911 exceptioual
443 2849 571 2913 privilege
582 2854 611 2898 to
623 2850 669 2898 the
687 2865 756 2910 sons,
775 2849 817 2899 ior
834 2867 867 2899 on
884 2849 1045 2917 Chrysippus

149 2913 257 3024 gaiuiug
267 2912 313 2961 the
327 2913 419 2974 patria
432 2921 545 2976 potestus
562 2929 625 2963 over
641 2915 715 2964 them
733 2916 797 2980 they
814 2915 904 2965 would
920 2879 1054 2980 normalryl

149 2975 203 3026 lose
225 2977 296 3025 teir
319 2977 498 3042 independeut
519 2979 613 3044 rights,
637 2980 774 3045 including
796 2981 872 3030 those
894 2999 959 3032 over
982 2953 1053 3037 theirl

149 3040 291 3090 ireedmen.
328 3041 455 3106 (Hardy.)
833 3063 836 3068 ·
1049 3059 1052 3125 p

153 3151 364 3206 29².·
678 3187 686 3201 ,
1050 3129 1051 3213 l

1042 3231 1050 3371 l
