2158 3436
305 174 394 231 THE
422 173 605 231 LETTERS
634 173 688 230 OF
717 171 843 228 PLINY

123 332 256 389 testandi
292 350 364 407 erga
398 351 468 388 eum
498 329 744 388 benevolentiam
773 329 875 386 suam.’
943 327 1030 400 Quid
1065 319 1066 330 ¹

124 443 205 495 enirn
233 442 351 495 senatui
384 437 547 513 pulchrius,
576 457 666 513 quam
693 444 729 493 ut
757 456 829 512 erga
858 434 1031 491 Pallantem

123 548 195 602 satis
208 552 312 620 gratus
327 544 503 601 videretur?
546 542 698 599 Additur:
721 543 783 599 ‘Ut
803 541 909 611 Pallas,
924 545 973 597 cui
995 561 1031 598 se

123 671 228 708 omnes
249 671 303 727 pro
325 651 401 708 virili
422 658 508 726 parte
530 650 679 726 obligatos
700 648 846 718 fatentur,
869 647 1033 723 singularis

124 748 203 819 fidei,
217 749 376 825 singularis
389 748 556 805 industriae
569 747 702 804 fructum
716 750 907 804 meritissimo
928 745 1030 803 ferat.’

125 847 259 905 Prolatos
279 852 397 923 imperii
419 847 502 917 fines,
517 846 652 904 redditos
667 850 816 903 exercitus
829 849 874 902 rei
888 845 1032 920 publicae

124 943 235 1002 credas.

165 1043 342 1100 Adstruitur
359 1043 423 1100 bis:
446 1043 539 1099 ‘Cum
561 1046 680 1100 senatui
697 1041 868 1119 populoque
892 1041 1032 1098 Romano

123 1141 312 1199 liberalitatis
326 1145 439 1217 gratior
454 1145 674 1216 repraesentari
688 1123 772 1197 nulla
782 1144 909 1197 materia
922 1145 1031 1216 possit,

124 1236 214 1316 quam
228 1243 253 1296 si
267 1241 516 1296 abstinentissimi
531 1239 755 1316 fidelissimique
770 1239 902 1297 custodis
917 1243 1032 1315 priuci-

123 1337 236 1412 palium
260 1357 351 1413 opum
372 1337 533 1394 facultates
554 1336 694 1394 adiuvare
716 1337 912 1413 contigisset’
958 1338 1032 1395 Hoc

123 1443 197 1492 tunc
212 1443 315 1492 votum
330 1443 462 1506 senatuS,
477 1434 534 1491 hoc
548 1439 743 1511 praecipuum
754 1436 897 1512 gaudium
913 1437 1032 1512 populi,

124 1533 199 1591 haec
233 1531 424 1591 liberalitatis
459 1537 585 1590 materia
611 1539 791 1610 gratissima,
825 1539 850 1591 si
884 1534 1032 1592 Pallantis

124 1631 285 1690 facultates
326 1633 467 1690 adiuvare
505 1632 694 1708 publicarum
736 1653 828 1709 opum
869 1637 1031 1709 egestione

124 1735 326 1805 contingeret.
376 1731 439 1787 lam
455 1751 533 1806 quae
548 1739 724 1807 sequuntur,
741 1730 888 1788 ‘voluisse
903 1731 1031 1808 quidem

124 1837 263 1886 senatum
299 1848 423 1886 censere
458 1828 592 1886 dandum
633 1849 670 1886 ex
704 1833 818 1886 aerario
853 1833 1031 1887 sestertium

124 1932 239 1985 centies
254 1931 462 2004 quinquagies,
477 1935 510 1984 et
521 1936 635 2004 quanto
646 1928 684 1984 ab
695 1929 842 1985 eiusmodi
854 1928 1030 2004 cupiditati-

124 2027 179 2083 bus
214 2030 356 2083 remotior
390 2030 454 2083 eius
481 2031 598 2084 animus
627 2035 717 2096 esset,
745 2035 832 2084 tanto
862 2031 1031 2102 impensius

124 2134 230 2200 petere
254 2146 272 2181 a
296 2125 417 2200 publico
442 2132 578 2200 parente,
604 2133 638 2183 ut
663 2145 734 2182 eum
762 2125 961 2202 compelleret
989 2126 1030 2183 ad

124 2223 295 2280 cedendum
307 2222 445 2280 senatui!
488 2222 525 2280 Id
540 2243 611 2280 vero
625 2223 740 2294 deerat,
756 2232 791 2281 ut
805 2244 873 2281 cum
890 2221 1030 2282 Pallante

123 2325 304 2379 auctoritate
338 2321 459 2396 publica
492 2329 642 2397 ageretur,
674 2321 768 2380 Pallas
796 2330 962 2398 rogaretur,
984 2333 1031 2381 -ut

124 2424 243 2478 senatui
268 2419 401 2491 cederet,
430 2427 466 2476 ut
493 2419 538 2476 illi
565 2422 795 2497 superbissimae
823 2421 1030 2480 abstinentiae

124 2517 232 2575 Caesar
259 2523 323 2594 ipse
351 2518 514 2576 advocatus
539 2528 628 2590 esset,
652 2540 690 2577 ne
714 2525 886 2579 sestertium
910 2526 1030 2580 centies

125 2621 324 2694 quinquagies
346 2625 511 2693 sperneret.
555 2618 685 2694 Sprevit,
707 2619 788 2695 quod
809 2619 906 2676 solum
927 2625 1031 2695 potuit

125 2719 218 2772 tantis
233 2715 340 2790 opibus
354 2715 475 2790 publice
490 2716 599 2774 oblatis
612 2717 807 2792 adrogantius
818 2718 927 2789 facere,
937 2737 1029 2796 quarn

125 2817 149 2869 si
163 2817 336 2888 accepisset.
453 2877 462 2893 ι
784 2823 785 2826 ’

166 2910 295 2968 Senatus
310 2919 413 2969 tamen
428 2912 460 2969 id
474 2931 594 2990 quoque
610 2914 713 2971 similis
727 2919 868 2992 querenti
889 2914 1030 2974 laudibus

124 3007 197 3065 tulit
216 3008 262 3065 his
277 3009 400 3085 quidem
414 3012 531 3070 verbis:
554 3011 625 3069 ‘sed
646 3033 714 3070 curn
735 3017 875 3092 princeps
896 3019 1030 3092 optimus

130 3116 185 3177 106
