2120 3456
315 167 417 262 'Tua
445 202 629 262 LETTERS
657 203 712 262 or
742 203 868 262 Puni

145 365 276 418 maxime
304 362 468 420 imitandus
495 361 653 420 videbaris.
707 361 776 434 Quo
800 365 896 438 magis
924 361 1042 437 gaudeo

147 483 237 561 quod,
272 488 296 540 si
333 489 399 562 quis
436 485 475 542 de
515 485 622 542 studiis
664 463 789 556 sermo,x
814 505 875 542 una
918 489 1039 542 nomina

146 628 223 681 mur,
246 608 327 686 quod
349 609 388 667 de
411 616 444 667 te
465 609 661 686 loquentibus
684 613 788 667 statim
812 627 943 666 occurro.
995 609 1046 665 Ne

147 734 268 805 desunt,
284 737 336 811 qui
350 737 472 811 utrique
488 741 625 791 nostrum
639 733 858 811 praeferantur.
914 732 981 791 Sed
996 753 1048 797 no,

147 857 224 915 nihil
248 861 379 916 interest
404 877 472 920 mea
497 877 556 935 quo
580 858 658 930 loco,
682 861 854 934 iungimur3
884 877 957 914 nam
984 856 1047 916 m'

148 985 272 1058 primus,
287 985 339 1058 qui
353 1000 371 1037 a
385 988 417 1039 te
431 987 592 1058 proximus
637 980 720 1053 Quin
735 986 827 1040 etiam
842 985 874 1038 in
888 989 1039 1040 testamen

147 1110 187 1164 tis
202 1105 297 1164 debes
311 1105 471 1178 adnotasse
483 1126 490 1175 ;
511 1111 568 1164 nisi
583 1111 651 1184 quis·
664 1106 743 1165 forte
757 1106 897 1166 alterutri
919 1113 1049 1166 nostruin

148 1233 354 1302 amicissimus
369 1231 477 1288 eadem
497 1230 600 1308 legata
621 1240 654 1290 et
675 1231 799 1308 quidem
813 1234 929 1309 pariter
948 1235 1048 1308 accipi·

149 1374 223 1412 mus.
302 1355 389 1426 Quae
435 1360 535 1412 omnia
570 1354 629 1413 bue
671 1363 821 1432 spectant,
857 1363 892 1414 ut
927 1361 1046 1413 inviceo

149 1477 305 1536 ardentius
332 1476 504 1563 diligamus,
532 1498 601 1536 cum
629 1487 676 1536 tot
703 1478 831 1537 vinculis
858 1500 913 1538 nos
949 1480 1040 1539 studi

149 1621 258 1672 mores,
286 1601 375 1672 fama,
411 1621 551 1690 suprpma
586 1603 719 1680 denique
755 1603 912 1662 hominum
948 1604 1050 1663 iudici

151 1727 371 1802 constringant.
416 1724 500 1783 Vale.

561 1972 635 2030 XXI

366 2139 397 2197 C.
422 2139 543 2196 Puruus
565 2140 711 2198 Connuro
733 2141 795 2200 Suo
817 2143 846 2200 S.

195 2298 306 2368 Panno,
334 2297 451 2374 collega
472 2303 634 2371 carissime,
649 2308 682 2357 et
703 2301 871 2360 infirmitati
893 2304 1051 2372 oculorum

153 2430 189 2480 ut
217 2423 311 2492 iubes,
340 2421 470 2479 consule.
528 2423 607 2481 Nam
642 2433 674 2482 et
709 2423 768 2483 buc
803 2433 886 2484 tecto
921 2424 1051 2484 vehiculo

154 2544 290 2622 undique
313 2544 446 2602 inclusus
470 2549 555 2622 quasi
578 2549 609 2603 in
631 2547 770 2605 cubiculo
795 2552 920 2623 perveni
951 2557 985 2608 et
1011 2547 1051 2603 hio

155 2688 218 2753 non
233 2667 303 2726 stilo
327 2668 427 2740 modo,
442 2688 547 2726 verum
570 2674 663 2727 etiam
685 2671 867 2730 lectionibus
889 2672 1049 2738 difficulter,

154 2791 209 2850 sed
244 2792 382 2850 abstineo
417 2792 546 2871 solisque
580 2795 701 2852 auribus
736 2795 852 2853 studeo,
916 2794 1051 2858 Cubicula

154 2914 294 2972 obductis
329 2917 402 2974 velis
444 2938 537 2993 opaca
571 2939 627 2975 nec
669 2927 772 2977 tamen
814 2920 940 2977 obscura
975 2921 1047 2978 facio.

156 3039 403 3115 Cryptoporticus
418 3061 538 3120 quoque
547 3044 701 3120 adopertis
715 3045 905 3104 inferioribus
919 3046 1051 3106 fenestris¹

158 3163 197 3223 54
