2162 3438
317 185 405 244 run
434 185 617 246 Lamnus
646 187 700 245 or
730 185 856 244 stiur
885 148 887 152 ’

178 345 264 402 Haec
285 353 353 403 acta
373 353 445 402 sunt
465 347 592 403 absente
615 346 723 414 Certo;
748 345 845 402 abfuit
874 350 975 417 enim,
1001 368 1055 405 seu
1075 367 1076 392 l

135 453 197 510 tale
212 453 326 530 aliquid
341 457 517 530 suspicatuS,
533 457 606 523 sive,
621 461 655 510 ut
673 454 880 522 excusabatur,
895 453 1056 513 infirmus.

136 561 177 618 Et
192 561 371 617 relationem
393 560 517 637 quidem
531 560 570 616 de
586 579 622 616 eo
637 559 745 616 Caesar
759 549 964 616 adsenatum
990 582 1059 619 non

136 671 270 736 remisit;
305 669 424 725 obtinui
458 675 572 738 tamen,
601 667 682 744 quod
717 667 919 724 intenderam.
967 669 1059 726 Nam

136 775 253 851 collega
267 775 350 832 Certi
365 775 563 845 consulatum,
576 793 777 832 successorem
792 774 900 831 Certus
908 782 1059 853 accepit;

136 883 287 959 planeque
309 881 423 939 factum
438 890 494 952 est,
509 880 590 958 quod
611 880 746 938 dixeram
767 883 799 936 in
821 881 891 952 fine,
906 881 1058 941 ‘Reddat
1075 893 1076 918 ³

136 993 303 1064 praemium
313 990 368 1045 sub
377 986 895 1064 optimoprincipe,quodapessimo
903 991 1056 1066 accepit'
1075 1003 1076 1074 ἐ

179 1095 287 1152 Postea
307 1098 458 1151 actionem
479 1112 588 1163 meam,
604 1099 759 1170 utcunque
777 1097 872 1169 potui,
888 1095 1057 1174 recollegi,
1075 1079 1076 1084 ἵ

136 1199 239 1258 addidi
254 1201 357 1257 multa.
404 1199 524 1256 Accidit
545 1198 714 1271 fortuitum,
730 1198 783 1257 sed
805 1220 866 1255 non
887 1207 1057 1279 tamquam

137 1309 296 1366 fortuitum
311 1308 392 1386 quod
414 1307 504 1364 editis
514 1299 609 1364 ¹libris
625 1307 733 1364 Certus
747 1310 827 1363 intra
848 1312 1057 1382 paucissimos
1075 1379 1076 1398 ¹

119 1416 202 1473 dies
227 1415 391 1491 implicitus
418 1415 523 1471 morbo
550 1413 690 1473 decessit.
734 1413 845 1470 Audivi
873 1401 1076 1475 referentes³

137 1521 215 1578 hanc
243 1526 407 1598 imaginem
436 1525 532 1578 menti
560 1525 634 1591 eiuS,
660 1521 738 1577 hanc
760 1521 853 1577 oculis
878 1521 1058 1594 oberrasse,

139 1637 291 1706 tamquam
301 1629 419 1686 videret
432 1648 481 1685 me
493 1629 549 1686 sibi
561 1648 630 1685 cum
644 1627 724 1684 ferro
733 1631 899 1684 imminere.
925 1627 1057 1688 Verane

137 1735 222 1807 haec,
236 1735 394 1792 adfirmare
412 1755 473 1792 non
494 1738 587 1791 ausim
603 1754 610 1802 ;
631 1739 761 1792 interest
781 1742 885 1791 tamen
900 1738 1055 1813 exempli,

138 1850 172 1899 ut
187 1861 257 1898 vera
271 1841 440 1899 videantur.

181 1950 285 2006 Habes
313 1948 483 2024 epistulam,
513 1951 537 2004 si
572 1947 695 2004 modum
732 1946 881 2023 epistulae
917 1953 1054 2024 cogiteS,

138 2057 230 2127 libris,
246 2077 320 2134 quos
334 2056 445 2133 legisti,
460 2075 522 2112 non
537 2059 684 2112 minorem
698 2075 705 2124 ;
727 2054 781 2112 sed
800 2055 966 2130 imputabis
983 2059 1054 2127 tibi,
1075 2119 1076 2122 Ἰ

139 2169 191 2240 qui
205 2171 367 2221 contentus
382 2163 464 2220 libris
479 2184 540 2219 non
555 2163 646 2220 fuisti.
692 2162 775 2221 Vale.

172 2407 185 2430 ⁰
202 2397 280 2448 From
298 2399 467 2464 Vespasiau’s
485 2400 559 2459 time,
574 2400 621 2448 the
637 2399 679 2448 dua
695 2397 837 2458 relationis,
851 2398 892 2448 te.
908 2399 957 2447 the
976 2401 1054 2466 right

139 2470 169 2513 to
180 2463 280 2513 submit
291 2481 307 2513 a
319 2466 419 2514 motion
431 2469 460 2514 to
469 2465 515 2514 the
534 2465 638 2523 senate,
652 2463 781 2528 belonged
796 2469 825 2514 to
839 2464 885 2513 the
898 2464 1034 2529 Emperor
1047 2489 1052 2516 :
1075 2461 1076 2482 ¹

140 2529 289 2578 relationem
305 2529 433 2579 remittere
450 2546 504 2580 was
522 2529 568 2579 the
587 2530 719 2580 technioal
736 2535 806 2579 term
818 2529 859 2578 for
871 2529 912 2578 his
924 2529 1012 2596 doing
1024 2549 1054 2580 so

140 2599 169 2644 at
181 2595 228 2644 the
240 2599 347 2659 request
357 2595 385 2644 ol
396 2595 443 2644 the
455 2593 552 2646 Senate
565 2593 638 2644 itself
649 2594 803 2654 (addressed
816 2599 844 2644 to
861 2594 916 2643 him
928 2596 1053 2662 through

139 2661 186 2710 the
205 2660 336 2720 Consule).
373 2661 424 2710 We
441 2661 536 2725 guther
553 2661 615 2709 that
633 2659 734 2724 Pliny's
751 2661 852 2709 motion
867 2659 908 2708 lor
926 2660 1005 2710 leave
1023 2669 1053 2711 to

139 2731 279 2789 prosecute
290 2725 386 2776 Certus
403 2741 457 2775 was
474 2725 577 2774 carried
595 2725 629 2790 by
647 2741 662 2774 a
679 2726 752 2790 large
769 2726 904 2790 majority,
919 2725 970 2775 but
991 2728 1053 2777 that
1075 2729 1076 2738 ¹

140 2791 187 2839 the
210 2791 306 2840 Senate
329 2790 407 2840 could
429 2797 478 2839 not
500 2790 610 2854 praeced
634 2790 741 2840 further
763 2791 878 2840 without
907 2807 923 2839 a
952 2791 1052 2842 formal
1075 2837 1076 2874 p
