2162 3438
341 201 429 258 THE
457 201 640 260 LETTERS
669 203 730 262 OF·
752 202 880 260 PLINY

157 377 244 416 meae
260 379 363 435 pareas
377 360 426 417 vel
441 361 581 436 precibus
595 359 763 437 indulgeas.
809 361 910 437 Igitur
925 369 960 419 et
975 360 1058 418 laudo

158 472 191 521 et
219 470 330 542 gratias
357 486 433 543 ag0;
455 466 544 524 simul
572 471 604 525 in
631 475 787 544 posterum
815 487 939 540 moneo,
969 477 1006 526 ut
1032 475 1060 524 te

158 574 308 632 erroribus
333 581 464 644 tuorum,
486 577 545 631 etsi
572 594 634 632 non
662 574 765 646 fuerit,
788 579 840 652 qui
868 575 1062 652 deprecetur,

158 679 337 754 placabilem
352 688 495 757 praestes.
539 681 623 739 Vale.

563 877 650 933 XXV

352 1010 383 1067 C.
408 1010 528 1067 Primus
551 1009 730 1067 Martiniano
752 1009 813 1068 Suo
835 1009 864 1068 S.

197 1143 354 1214 Quaaarus
389 1144 428 1201 de
456 1145 546 1202 turba
573 1147 772 1201 castrensium
797 1147 995 1219 negotiorum
1024 1149 1059 1211 et,

156 1257 311 1327 tamquam
338 1269 455 1307 summo
482 1255 545 1308 otio
572 1249 737 1327 perfruare,
759 1250 841 1306 lusus
869 1257 902 1306 et
931 1253 1058 1328 ineptias

157 1366 274 1414 nostras
285 1357 371 1433 legia,
379 1378 469 1427 amas,
481 1357 597 1434 flagitas
608 1377 718 1435 meque
730 1357 768 1414 ad
780 1356 888 1414 similia
899 1358 1056 1416 condenda

156 1486 218 1523 non
232 1467 426 1524 mediocriter
440 1470 556 1524 incitas.
591 1465 707 1541 Incipio
722 1469 805 1522 enim
819 1485 857 1522 ex
872 1465 931 1522 hoc
947 1485 1056 1543 genere

103 1603 115 1626 .
156 1574 324 1631 studiorum
352 1594 414 1631 non
442 1573 538 1642 solum
567 1572 814 1644 oblectationem,
840 1592 946 1630 verum
969 1579 1056 1632 etiarn

157 1679 282 1756 gloriam
305 1687 411 1757 petere
432 1686 500 1755 post
523 1678 666 1736 iudicium
691 1686 788 1749 tuum,
810 1681 864 1734 viri
884 1683 1057 1754 gravissimi,

156 1787 350 1844 eruditissimi
364 1807 399 1843 ac
414 1806 504 1862 super
518 1790 576 1843 ista
591 1789 745 1842 verissimi.
791 1785 879 1841 Nunc
893 1805 944 1843 me
959 1804 1054 1843 rerum

154 1901 240 1950 actus
274 1893 402 1963 modice,
438 1892 492 1950 scd
523 1900 625 1949 tamen
662 1891 844 1968 distringit;
878 1911 940 1968 quo
974 1893 1054 1950 finito

154 1999 266 2076 aliquid
301 1999 466 2056 earundem
494 1998 693 2055 Camenarum
722 2002 754 2054 in
781 2002 874 2055 istum
909 1998 1054 2075 benignis-

155 2111 263 2164 simum
277 2109 376 2162 sinum
390 2109 518 2162 mittam.
562 2103 608 2162 Tu
623 2104 800 2181 passerculis
821 2111 854 2161 et
879 2104 1053 2163 columbulis

155 2217 265 2270 nostris
279 2216 360 2269 inter
373 2211 488 2289 aquilas
501 2220 615 2270 vestras
629 2212 715 2269 dabis
729 2231 854 2288 pennas,
867 2215 892 2268 si
906 2217 1010 2269 tamen
1024 2219 1052 2270 et

155 2321 211 2377 sibi
234 2326 268 2376 et
288 2320 344 2376 tibi
366 2319 542 2395 placebunt,
565 2322 589 2375 si
614 2326 735 2376 tantum
764 2318 830 2389 sibi,
853 2319 1049 2376 continendos

154 2446 245 2486 cavea
259 2426 368 2484 nidove
383 2427 508 2484 curabis.
552 2426 635 2482 Vale.

552 2646 654 2705 XXVI

367 2779 398 2835 C.
423 2779 543 2836 Primus
565 2779 706 2836 Luraaco
726 2778 788 2836 Suo
810 2777 839 2835 S.

195 2910 267 2967 Dixi
288 2911 328 2968 de
343 2911 473 2988 quodam
488 2920 605 2968 oratore
620 2911 714 2969 seculi
729 2915 824 2969 nostri
835 2921 920 2970 recto
934 2915 1049 2991 quidem

155 3031 187 3081 et
202 3044 285 3096 sano,
298 3025 351 3082 sed
367 3045 472 3102 parum
487 3025 595 3101 grandi
610 3034 642 3084 et
656 3034 773 3098 ornato,
788 3035 823 3085 ut
837 3031 951 3106 opinor,
965 3040 1048 3110 apte:

157 3159 214 3217 ²30
