2158 3436
319 225 407 282 THE
436 224 619 282 LETTERS
648 225 702 282 OF
732 224 859 282 PLINY

178 385 219 442 Et
229 384 304 441 haec
313 384 437 460 quidem
446 384 674 441 adfirmantibus
683 383 789 452 cred03
800 384 875 441 illud
884 385 1015 442 adfirma

136 491 201 547 aliis
237 509 366 566 possum.
425 490 481 547 Est
518 490 645 548 libertus
683 490 758 547 mihi
798 491 938 548 Marcus¹
986 511 1028 548 no

136 597 306 655 illiteratus,
363 597 439 654 Cum
474 596 531 653 hoc
565 601 663 654 minor
698 596 792 654 frater
825 596 935 654 eodem
963 597 1033 654 lec

136 707 319 783 quiescebat.
373 705 402 762 ls
424 709 504 762 visus
530 713 577 763 est
601 706 657 762 sibi
686 725 811 762 cernere
836 704 996 781 quendam
1022 709 1028 720 “

135 821 203 870 toro
227 812 413 869 residentem
434 811 710 888 admoventemque
735 815 827 887 capiti
852 831 906 867 suo
932 811 1046 878 cultrot

136 928 229 997 atque
255 923 347 977 etiam
376 939 412 976 ex
441 923 506 995 ipso
531 923 645 976 vertice
673 926 884 994 amputantem
909 919 1048 995 capillos

140 1027 200 1084 Ubi
215 1026 323 1096 illuxit,
338 1029 403 1101 ipse
415 1029 493 1082 circa
503 1029 650 1082 verticem
663 1032 778 1095 tonsus,
793 1025 895 1102 capilli
908 1018 1050 1100 iacentei

121 1117 338 1213 reperiuntur.
383 1135 535 1211 Exiguum
556 1139 702 1210 temporis
724 1134 869 1205 medium,
891 1142 925 1191 et
945 1153 1051 1192 rursus

137 1243 234 1302 simile
249 1242 330 1300 aliud
352 1246 443 1320 priori
462 1242 553 1299 fidem
575 1241 657 1298 fecit.
703 1242 781 1299 Puer
802 1245 834 1298 in
856 1229 1053 1318 paedagogio

137 1355 250 1408 mixtus
275 1349 409 1426 pluribus
432 1349 620 1416 dormiebat;
645 1356 796 1406 venerunt
819 1368 873 1425 per
894 1348 1054 1408 fenestras

138 1459 194 1537 (ita
228 1457 343 1534 narrat)
384 1461 416 1513 in
457 1460 569 1514 tunicis
610 1457 685 1514 albis
723 1457 784 1515 duo
819 1458 1053 1536 cubantemque

137 1564 346 1622 detonderunt
367 1571 409 1634 et,
430 1551 490 1640 qua
513 1571 670 1634 venerant,
698 1572 897 1622 recesserunt.
952 1565 986 1620 H
992 1562 1057 1622 unc

138 1691 258 1749 quoque
269 1677 392 1728 tonsum
403 1689 580 1746 sparsosque
595 1674 673 1728 circa
684 1670 807 1746 capillos
819 1671 883 1728 dies
898 1673 1053 1730 ostendit.

140 1778 222 1835 Nihil
242 1777 377 1835 notabile
397 1785 545 1847 secutum,
560 1781 618 1834 nisi
632 1777 711 1835 forte
726 1778 808 1854 quod
822 1799 884 1835 non
898 1778 943 1836 fui
959 1800 1054 1846 reus;

138 1884 267 1955 futurus,
296 1889 320 1942 si
349 1883 551 1954 Domitianus,
579 1884 635 1941 sub
664 1905 724 1962 quo
752 1884 827 1942 haec
857 1885 1053 1955 aeciderunt,

139 1992 253 2049 diutius
267 1995 398 2049 vixisset.
443 1991 522 2047 Nam
544 1994 577 2046 in
600 1995 709 2048 scrinio
732 1995 796 2049 eius
818 1991 908 2049 datus
929 2011 948 2048 a
971 1991 1054 2048 Caro

139 2104 178 2161 de
192 2123 242 2160 me
256 2103 377 2161 libellus
390 2108 533 2160 inventus
548 2110 597 2159 est
605 2121 613 2170 ;
628 2123 666 2160 ex
680 2123 740 2180 quo
755 2106 917 2160 coniectari
932 2111 1054 2190 potest,

139 2219 209 2294 quia
230 2220 288 2273 reis
302 2219 392 2272 moris
408 2223 455 2272 est
468 2217 649 2273 submittere
663 2214 816 2292 capillum,
837 2218 948 2272 recisos
963 2236 1054 2273 meo-

139 2349 205 2386 rum
220 2328 344 2405 capillos
355 2327 483 2403 depulsi,
493 2327 574 2403 quod
588 2328 777 2399 imminebat,
786 2325 913 2404 periculi
924 2329 1054 2402 signum

138 2438 239 2496 fuisse.

68 2594 72 2606 .
182 2549 311 2607 Proinde
331 2569 404 2626 rogo
426 2549 628 2607 eruditionem
646 2558 731 2607 tuam
750 2548 900 2607 intendas
945 2547 1055 2624 Digna

139 2681 188 2718 res
211 2667 268 2730 est,
296 2680 385 2736 quarn
414 2659 466 2717 diu
495 2659 686 2736 multumque
715 2660 898 2730 consideres,
920 2678 959 2716 ne
989 2679 1054 2735 ego

140 2770 264 2846 quidem
292 2769 446 2845 indignus,
469 2775 516 2827 cui
540 2774 657 2845 copiam
682 2773 828 2827 scientiae
850 2777 922 2827 tuae
944 2768 1050 2829 facias.

37 2869 42 2980 Ἰ
141 2879 229 2936 Licet
244 2883 336 2936 etiam
353 2887 510 2956 utramque
532 2883 564 2936 in
585 2888 714 2956 partem,
738 2888 772 2937 ut
792 2879 880 2952 soleS,
898 2880 1051 2956 disputeS,

174 3003 183 3034 ¹
201 3003 308 3054 Marcus
321 3005 426 3067 Calan,
439 3006 546 3066 Mztllcr,
563 3006 653 3056 inclus.
668 3006 767 3068 Bipoua
776 3013 835 3069 port
846 3007 907 3057 illit.
923 3007 982 3068 Dp,
996 3021 1049 3058 om.

43 3068 49 3077 “
144 3069 178 3128 K,
193 3069 304 3119 Merrill.

130 3178 183 3252 ι74
