<?xml version="1.0" encoding="UTF-8"?>
<!DOCTYPE html PUBLIC "-//W3C//DTD XHTML 1.0 Transitional//EN"
    "http://www.w3.org/TR/xhtml1/DTD/xhtml1-transitional.dtd">
<html xmlns="http://www.w3.org/1999/xhtml" xml:lang="en" lang="en">
 <head>
  <title>
</title>
<meta http-equiv="Content-Type" content="text/html;charset=utf-8" />
  <meta name='ocr-system' content='tesseract 3.04.00' />
  <meta name='ocr-capabilities' content='ocr_page ocr_carea ocr_par ocr_line ocrx_word'/>
</head>
<body>
  <div class='ocr_page' id='page_1' title='image "./letters01hutcgoog_0076.png"; bbox 0 0 2114 3440; ppageno 0'>
   <div class='ocr_carea' id='block_1_1' title="bbox 325 158 864 219">
    <p class='ocr_par' dir='ltr' id='par_1_1' title="bbox 325 158 864 219">
     <span class='ocr_line' id='line_1_1' title="bbox 325 158 864 219; baseline -0.004 -1"><span class='ocrx_word' id='word_1_1' title='bbox 325 161 413 219; x_wconf 88' lang='lat' dir='ltr'><strong>THE</strong></span> <span class='ocrx_word' id='word_1_2' title='bbox 441 159 625 219; x_wconf 82' lang='lat' dir='ltr'><strong>LETTERS</strong></span> <span class='ocrx_word' id='word_1_3' title='bbox 653 159 708 218; x_wconf 88' lang='lat' dir='ltr'><strong>OF</strong></span> <span class='ocrx_word' id='word_1_4' title='bbox 738 158 864 217; x_wconf 91' lang='lat' dir='ltr'>PLINY</span> 
     </span>
    </p>
   </div>
   <div class='ocr_carea' id='block_1_2' title="bbox 540 363 649 422">
    <p class='ocr_par' dir='ltr' id='par_1_2' title="bbox 540 363 649 422">
     <span class='ocr_line' id='line_1_2' title="bbox 540 363 649 422; baseline -0.009 -1"><span class='ocrx_word' id='word_1_5' title='bbox 540 363 649 422; x_wconf 90' lang='lat' dir='ltr'>XXIII</span> 
     </span>
    </p>
   </div>
   <div class='ocr_carea' id='block_1_3' title="bbox 286 519 904 581">
    <p class='ocr_par' dir='ltr' id='par_1_3' title="bbox 286 519 904 581">
     <span class='ocr_line' id='line_1_3' title="bbox 286 519 904 581; baseline -0.005 -1"><span class='ocrx_word' id='word_1_6' title='bbox 286 524 316 581; x_wconf 91' lang='lat' dir='ltr'><strong>C.</strong></span> <span class='ocrx_word' id='word_1_7' title='bbox 341 523 461 580; x_wconf 78' lang='lat' dir='ltr'><strong>Pnrnros</strong></span> <span class='ocrx_word' id='word_1_8' title='bbox 476 521 595 580; x_wconf 74' lang='lat' dir='ltr'><strong>annro</strong></span> <span class='ocrx_word' id='word_1_9' title='bbox 612 521 785 579; x_wconf 79' lang='lat' dir='ltr'><strong>Pnosocnno</strong></span> <span class='ocrx_word' id='word_1_10' title='bbox 800 520 861 579; x_wconf 87' lang='lat' dir='ltr'><strong>Suo</strong></span> <span class='ocrx_word' id='word_1_11' title='bbox 876 519 904 578; x_wconf 90' lang='lat' dir='ltr'><strong>S.</strong></span> 
     </span>
    </p>
   </div>
   <div class='ocr_carea' id='block_1_4' title="bbox 144 671 1046 1508">
    <p class='ocr_par' dir='ltr' id='par_1_4' title="bbox 144 671 1046 1508">
     <span class='ocr_line' id='line_1_4' title="bbox 185 671 1042 759; baseline -0.007 -20"><span class='ocrx_word' id='word_1_12' title='bbox 185 671 314 740; x_wconf 73' lang='lat' dir='ltr'><strong>Gnoono</strong></span> <span class='ocrx_word' id='word_1_13' title='bbox 328 680 452 759; x_wconf 91' lang='lat' dir='ltr'><strong>quidem</strong></span> <span class='ocrx_word' id='word_1_14' title='bbox 466 700 531 738; x_wconf 90' lang='lat' dir='ltr'><strong>esse</strong></span> <span class='ocrx_word' id='word_1_15' title='bbox 552 687 585 738; x_wconf 87' lang='lat' dir='ltr'><strong>te</strong></span> <span class='ocrx_word' id='word_1_16' title='bbox 606 687 670 736; x_wconf 85' lang='lat' dir='ltr'><strong>tam</strong></span> <span class='ocrx_word' id='word_1_17' title='bbox 690 677 811 748; x_wconf 89' lang='lat' dir='ltr'><strong>fortem,</strong></span> <span class='ocrx_word' id='word_1_18' title='bbox 826 685 861 734; x_wconf 87' lang='lat' dir='ltr'><strong>ut</strong></span> <span class='ocrx_word' id='word_1_19' title='bbox 884 677 1042 734; x_wconf 76' lang='lat' dir='ltr'><strong>Mediolon</strong></span> 
     </span>
     <span class='ocr_line' id='line_1_5' title="bbox 144 786 1043 864; baseline -0.007 -16"><span class='ocrx_word' id='word_1_20' title='bbox 144 809 301 848; x_wconf 87' lang='lat' dir='ltr'><strong>occurrere</strong></span> <span class='ocrx_word' id='word_1_21' title='bbox 316 788 419 847; x_wconf 88' lang='lat' dir='ltr'><strong>Tironi</strong></span> <span class='ocrx_word' id='word_1_22' title='bbox 439 791 543 864; x_wconf 77' lang='lat' dir='ltr'><strong>possiS,</strong></span> <span class='ocrx_word' id='word_1_23' title='bbox 565 786 620 844; x_wconf 92' lang='lat' dir='ltr'><strong>sed</strong></span> <span class='ocrx_word' id='word_1_24' title='bbox 644 792 680 843; x_wconf 86' lang='lat' dir='ltr'><strong>ut</strong></span> <span class='ocrx_word' id='word_1_25' title='bbox 699 803 874 861; x_wconf 85' lang='lat' dir='ltr'><strong>perseveres</strong></span> <span class='ocrx_word' id='word_1_26' title='bbox 896 803 965 842; x_wconf 90' lang='lat' dir='ltr'><strong>esse</strong></span> <span class='ocrx_word' id='word_1_27' title='bbox 990 793 1043 862; x_wconf 76' lang='lat' dir='ltr'><strong>tan</strong></span> 
     </span>
     <span class='ocr_line' id='line_1_6' title="bbox 144 895 1043 972; baseline -0.007 -18"><span class='ocrx_word' id='word_1_28' title='bbox 144 897 241 967; x_wconf 85' lang='lat' dir='ltr'><strong>fortis,</strong></span> <span class='ocrx_word' id='word_1_29' title='bbox 255 915 338 972; x_wconf 87' lang='lat' dir='ltr'><strong>rogo,</strong></span> <span class='ocrx_word' id='word_1_30' title='bbox 363 915 403 952; x_wconf 91' lang='lat' dir='ltr'><strong>ne</strong></span> <span class='ocrx_word' id='word_1_31' title='bbox 419 897 476 954; x_wconf 91' lang='lat' dir='ltr'><strong>tibi</strong></span> <span class='ocrx_word' id='word_1_32' title='bbox 497 901 602 952; x_wconf 83' lang='lat' dir='ltr'><strong>contra</strong></span> <span class='ocrx_word' id='word_1_33' title='bbox 624 897 773 951; x_wconf 87' lang='lat' dir='ltr'><strong>rationem</strong></span> <span class='ocrx_word' id='word_1_34' title='bbox 795 895 904 950; x_wconf 81' lang='lat' dir='ltr'><strong>aetatis</strong></span> <span class='ocrx_word' id='word_1_35' title='bbox 929 899 1043 950; x_wconf 85' lang='lat' dir='ltr'><strong>tantun</strong></span> 
     </span>
     <span class='ocr_line' id='line_1_7' title="bbox 145 999 1044 1079; baseline -0.006 -19"><span class='ocrx_word' id='word_1_36' title='bbox 145 1004 254 1061; x_wconf 84' lang='lat' dir='ltr'><strong>laboris</strong></span> <span class='ocrx_word' id='word_1_37' title='bbox 269 1007 416 1079; x_wconf 84' lang='lat' dir='ltr'><strong>iniungas</strong></span> <span class='ocrx_word' id='word_1_38' title='bbox 460 1002 543 1074; x_wconf 85' lang='lat' dir='ltr'><strong>Quin</strong></span> <span class='ocrx_word' id='word_1_39' title='bbox 564 1005 656 1058; x_wconf 90' lang='lat' dir='ltr'><strong>immo</strong></span> <span class='ocrx_word' id='word_1_40' title='bbox 681 1000 839 1070; x_wconf 89' lang='lat' dir='ltr'><strong>denuntio,</strong></span> <span class='ocrx_word' id='word_1_41' title='bbox 854 1007 890 1057; x_wconf 86' lang='lat' dir='ltr'><strong>ut</strong></span> <span class='ocrx_word' id='word_1_42' title='bbox 910 999 1002 1056; x_wconf 90' lang='lat' dir='ltr'><strong>illum</strong></span> <span class='ocrx_word' id='word_1_43' title='bbox 1024 1007 1044 1055; x_wconf 80' lang='lat' dir='ltr'><strong>el</strong></span> 
     </span>
     <span class='ocr_line' id='line_1_8' title="bbox 145 1109 1044 1188; baseline -0.004 -19"><span class='ocrx_word' id='word_1_44' title='bbox 145 1113 228 1170; x_wconf 93' lang='lat' dir='ltr'><strong>domi</strong></span> <span class='ocrx_word' id='word_1_45' title='bbox 242 1119 274 1169; x_wconf 87' lang='lat' dir='ltr'><strong>et</strong></span> <span class='ocrx_word' id='word_1_46' title='bbox 288 1116 367 1169; x_wconf 83' lang='lat' dir='ltr'><strong>intra</strong></span> <span class='ocrx_word' id='word_1_47' title='bbox 381 1111 505 1169; x_wconf 91' lang='lat' dir='ltr'><strong>domum</strong></span> <span class='ocrx_word' id='word_1_48' title='bbox 519 1119 611 1188; x_wconf 83' lang='lat' dir='ltr'><strong>atque</strong></span> <span class='ocrx_word' id='word_1_49' title='bbox 623 1115 715 1168; x_wconf 87' lang='lat' dir='ltr'><strong>etiam</strong></span> <span class='ocrx_word' id='word_1_50' title='bbox 726 1114 806 1167; x_wconf 84' lang='lat' dir='ltr'><strong>intra</strong></span> <span class='ocrx_word' id='word_1_51' title='bbox 817 1109 950 1167; x_wconf 87' lang='lat' dir='ltr'>cubiculi</span> <span class='ocrx_word' id='word_1_52' title='bbox 958 1109 1044 1166; x_wconf 76' lang='lat' dir='ltr'><strong>limet</strong></span> 
     </span>
     <span class='ocr_line' id='line_1_9' title="bbox 146 1215 1045 1293; baseline -0.003 -18"><span class='ocrx_word' id='word_1_53' title='bbox 146 1225 311 1293; x_wconf 84' lang='lat' dir='ltr'><strong>exspectes.</strong></span> <span class='ocrx_word' id='word_1_54' title='bbox 355 1217 489 1288; x_wconf 79' lang='lat' dir='ltr'><strong>Etenim,</strong></span> <span class='ocrx_word' id='word_1_55' title='bbox 511 1237 580 1275; x_wconf 89' lang='lat' dir='ltr'><strong>cum</strong></span> <span class='ocrx_word' id='word_1_56' title='bbox 602 1238 620 1273; x_wconf 84' lang='lat' dir='ltr'><strong>a</strong></span> <span class='ocrx_word' id='word_1_57' title='bbox 644 1237 693 1274; x_wconf 92' lang='lat' dir='ltr'><strong>me</strong></span> <span class='ocrx_word' id='word_1_58' title='bbox 721 1225 756 1273; x_wconf 89' lang='lat' dir='ltr'><strong>ut</strong></span> <span class='ocrx_word' id='word_1_59' title='bbox 778 1215 873 1274; x_wconf 83' lang='lat' dir='ltr'><strong>frater</strong></span> <span class='ocrx_word' id='word_1_60' title='bbox 896 1215 1045 1292; x_wconf 83' lang='lat' dir='ltr'><strong>diligatur</strong></span> 
     </span>
     <span class='ocr_line' id='line_1_10' title="bbox 146 1322 1046 1401; baseline -0.003 -19"><span class='ocrx_word' id='word_1_61' title='bbox 146 1345 207 1382; x_wconf 92' lang='lat' dir='ltr'><strong>non</strong></span> <span class='ocrx_word' id='word_1_62' title='bbox 235 1324 329 1382; x_wconf 89' lang='lat' dir='ltr'><strong>debet</strong></span> <span class='ocrx_word' id='word_1_63' title='bbox 353 1325 392 1381; x_wconf 86' lang='lat' dir='ltr'><strong>ab</strong></span> <span class='ocrx_word' id='word_1_64' title='bbox 413 1344 460 1395; x_wconf 89' lang='lat' dir='ltr'><strong>eo,</strong></span> <span class='ocrx_word' id='word_1_65' title='bbox 481 1343 573 1401; x_wconf 91' lang='lat' dir='ltr'><strong>quem</strong></span> <span class='ocrx_word' id='word_1_66' title='bbox 594 1343 652 1400; x_wconf 81' lang='lat' dir='ltr'><strong>ego</strong></span> <span class='ocrx_word' id='word_1_67' title='bbox 673 1327 807 1399; x_wconf 84' lang='lat' dir='ltr'><strong>parentis</strong></span> <span class='ocrx_word' id='word_1_68' title='bbox 828 1322 894 1379; x_wconf 87' lang='lat' dir='ltr'><strong>loco</strong></span> <span class='ocrx_word' id='word_1_69' title='bbox 915 1323 1046 1390; x_wconf 76' lang='lat' dir='ltr'><strong>observo</strong></span> 
     </span>
     <span class='ocr_line' id='line_1_11' title="bbox 145 1429 1046 1508; baseline -0.003 -19"><span class='ocrx_word' id='word_1_70' title='bbox 145 1436 268 1508; x_wconf 82' lang='lat' dir='ltr'><strong>exigere</strong></span> <span class='ocrx_word' id='word_1_71' title='bbox 283 1432 422 1502; x_wconf 86' lang='lat' dir='ltr'><strong>officium,</strong></span> <span class='ocrx_word' id='word_1_72' title='bbox 437 1431 518 1508; x_wconf 91' lang='lat' dir='ltr'><strong>quod</strong></span> <span class='ocrx_word' id='word_1_73' title='bbox 532 1435 651 1508; x_wconf 88' lang='lat' dir='ltr'><strong>parenti</strong></span> <span class='ocrx_word' id='word_1_74' title='bbox 673 1450 727 1488; x_wconf 94' lang='lat' dir='ltr'><strong>suo</strong></span> <span class='ocrx_word' id='word_1_75' title='bbox 748 1433 920 1487; x_wconf 85' lang='lat' dir='ltr'><strong>remisisset.</strong></span> <span class='ocrx_word' id='word_1_76' title='bbox 968 1429 1046 1486; x_wconf 86' lang='lat' dir='ltr'><strong>Vale</strong></span> 
     </span>
    </p>
   </div>
   <div class='ocr_carea' id='block_1_5' title="bbox 371 1713 827 1933">
    <p class='ocr_par' dir='ltr' id='par_1_5' title="bbox 371 1713 827 1933">
     <span class='ocr_line' id='line_1_12' title="bbox 544 1713 648 1772; baseline 0 -1"><span class='ocrx_word' id='word_1_77' title='bbox 544 1713 648 1772; x_wconf 87' lang='lat' dir='ltr'>XXIV</span> 
     </span>
     <span class='ocr_line' id='line_1_13' title="bbox 371 1872 827 1933; baseline 0.009 -4"><span class='ocrx_word' id='word_1_78' title='bbox 371 1873 402 1932; x_wconf 84' lang='lat' dir='ltr'><strong>C.</strong></span> <span class='ocrx_word' id='word_1_79' title='bbox 428 1873 548 1932; x_wconf 71' lang='lat' dir='ltr'><strong>Primus</strong></span> <span class='ocrx_word' id='word_1_80' title='bbox 569 1872 694 1931; x_wconf 80' lang='lat' dir='ltr'><strong>Gnnrno</strong></span> <span class='ocrx_word' id='word_1_81' title='bbox 715 1873 776 1933; x_wconf 83' lang='lat' dir='ltr'><strong>Suo</strong></span> <span class='ocrx_word' id='word_1_82' title='bbox 798 1873 827 1933; x_wconf 83' lang='lat' dir='ltr'><strong>S.</strong></span> 
     </span>
    </p>
   </div>
   <div class='ocr_carea' id='block_1_6' title="bbox 147 2030 1048 2320">
    <p class='ocr_par' dir='ltr' id='par_1_6' title="bbox 147 2030 1048 2320">
     <span class='ocr_line' id='line_1_14' title="bbox 189 2030 1048 2108; baseline -0.002 -20"><span class='ocrx_word' id='word_1_83' title='bbox 189 2030 331 2090; x_wconf 74' lang='lat' dir='ltr'><strong>Unnrnrs</strong></span> <span class='ocrx_word' id='word_1_84' title='bbox 363 2031 580 2103; x_wconf 71' lang='lat' dir='ltr'><strong>Qoaonsnmn</strong></span> <span class='ocrx_word' id='word_1_85' title='bbox 614 2031 705 2108; x_wconf 87' lang='lat' dir='ltr'><strong>paulo</strong></span> <span class='ocrx_word' id='word_1_86' title='bbox 733 2035 833 2090; x_wconf 91' lang='lat' dir='ltr'><strong>minus</strong></span> <span class='ocrx_word' id='word_1_87' title='bbox 867 2036 1048 2108; x_wconf 78' lang='lat' dir='ltr'><strong>octogesImo</strong></span> 
     </span>
     <span class='ocr_line' id='line_1_15' title="bbox 147 2137 1048 2214; baseline 0 -21"><span class='ocrx_word' id='word_1_88' title='bbox 147 2141 256 2195; x_wconf 84' lang='lat' dir='ltr'><strong>aetatis</strong></span> <span class='ocrx_word' id='word_1_89' title='bbox 277 2157 357 2194; x_wconf 89' lang='lat' dir='ltr'><strong>anno</strong></span> <span class='ocrx_word' id='word_1_90' title='bbox 371 2137 503 2195; x_wconf 87' lang='lat' dir='ltr'><strong>decessit</strong></span> <span class='ocrx_word' id='word_1_91' title='bbox 522 2157 617 2214; x_wconf 90' lang='lat' dir='ltr'><strong>usque</strong></span> <span class='ocrx_word' id='word_1_92' title='bbox 639 2137 678 2195; x_wconf 83' lang='lat' dir='ltr'><strong>ad</strong></span> <span class='ocrx_word' id='word_1_93' title='bbox 699 2141 891 2195; x_wconf 88' lang='lat' dir='ltr'><strong>novissimam</strong></span> <span class='ocrx_word' id='word_1_94' title='bbox 904 2138 1048 2196; x_wconf 85' lang='lat' dir='ltr'><strong>valetudi-</strong></span> 
     </span>
     <span class='ocr_line' id='line_1_16' title="bbox 148 2243 1048 2320; baseline 0 -20"><span class='ocrx_word' id='word_1_95' title='bbox 148 2264 218 2302; x_wconf 88' lang='lat' dir='ltr'><strong>nem</strong></span> <span class='ocrx_word' id='word_1_96' title='bbox 241 2243 343 2301; x_wconf 90' lang='lat' dir='ltr'><strong>viridis</strong></span> <span class='ocrx_word' id='word_1_97' title='bbox 365 2251 457 2320; x_wconf 84' lang='lat' dir='ltr'><strong>atque</strong></span> <span class='ocrx_word' id='word_1_98' title='bbox 481 2247 574 2301; x_wconf 87' lang='lat' dir='ltr'><strong>etiam</strong></span> <span class='ocrx_word' id='word_1_99' title='bbox 601 2243 681 2301; x_wconf 88' lang='lat' dir='ltr'><strong>ultra</strong></span> <span class='ocrx_word' id='word_1_100' title='bbox 709 2244 907 2302; x_wconf 83' lang='lat' dir='ltr'><strong>matronalem</strong></span> <span class='ocrx_word' id='word_1_101' title='bbox 930 2246 1048 2304; x_wconf 83' lang='lat' dir='ltr'><strong>modurn</strong></span> 
     </span>
    </p>
   </div>
   <div class='ocr_carea' id='block_1_7' title="bbox 36 2329 1048 2638">
    <p class='ocr_par' dir='ltr' id='par_1_7' title="bbox 36 2329 1048 2638">
     <span class='ocr_line' id='line_1_17' title="bbox 147 2329 1048 2426; baseline 0.001 -20"><span class='ocrx_word' id='word_1_102' title='bbox 147 2358 306 2426; x_wconf 81' lang='lat' dir='ltr'><strong>compacto</strong></span> <span class='ocrx_word' id='word_1_103' title='bbox 323 2369 447 2425; x_wconf 87' lang='lat' dir='ltr'><strong>corpore</strong></span> <span class='ocrx_word' id='word_1_104' title='bbox 463 2357 495 2407; x_wconf 88' lang='lat' dir='ltr'><strong>et</strong></span> <span class='ocrx_word' id='word_1_105' title='bbox 509 2351 640 2408; x_wconf 89' lang='lat' dir='ltr'><strong>robusto.</strong></span> <span class='ocrx_word' id='word_1_106' title='bbox 671 2329 827 2410; x_wconf 32' lang='lat' dir='ltr'><strong>&#39;Decessit</strong></span> <span class='ocrx_word' id='word_1_107' title='bbox 841 2351 1048 2410; x_wconf 81' lang='lat' dir='ltr'><strong>honestissimo</strong></span> 
     </span>
     <span class='ocr_line' id='line_1_18' title="bbox 36 2455 1048 2536; baseline 0.003 -25"><span class='ocrx_word' id='word_1_108' title='bbox 36 2521 39 2528; x_wconf 17' lang='grc' dir='ltr'><strong><em>Δ</em></strong></span> <span class='ocrx_word' id='word_1_109' title='bbox 147 2462 353 2524; x_wconf 84' lang='lat' dir='ltr'><strong>testament0;</strong></span> <span class='ocrx_word' id='word_1_110' title='bbox 375 2455 498 2534; x_wconf 88' lang='lat' dir='ltr'><strong>reliquit</strong></span> <span class='ocrx_word' id='word_1_111' title='bbox 520 2455 649 2515; x_wconf 88' lang='lat' dir='ltr'><strong>heredes</strong></span> <span class='ocrx_word' id='word_1_112' title='bbox 665 2477 702 2514; x_wconf 88' lang='lat' dir='ltr'><strong>ex</strong></span> <span class='ocrx_word' id='word_1_113' title='bbox 725 2459 812 2516; x_wconf 91' lang='lat' dir='ltr'><strong>besse</strong></span> <span class='ocrx_word' id='word_1_114' title='bbox 835 2466 993 2536; x_wconf 89' lang='lat' dir='ltr'><strong>nepotem,</strong></span> <span class='ocrx_word' id='word_1_115' title='bbox 1017 2478 1048 2516; x_wconf 81' lang='lat' dir='ltr'><strong>es</strong></span> 
     </span>
     <span class='ocr_line' id='line_1_19' title="bbox 147 2565 489 2638; baseline 0.003 -21"><span class='ocrx_word' id='word_1_116' title='bbox 147 2565 239 2618; x_wconf 87' lang='lat' dir='ltr'><strong>tertia</strong></span> <span class='ocrx_word' id='word_1_117' title='bbox 253 2569 340 2638; x_wconf 84' lang='lat' dir='ltr'><strong>parte</strong></span> <span class='ocrx_word' id='word_1_118' title='bbox 355 2569 489 2638; x_wconf 88' lang='lat' dir='ltr'><strong>neptem.</strong></span> 
     </span>
    </p>
   </div>
   <div class='ocr_carea' id='block_1_8' title="bbox 147 2667 1048 3066">
    <p class='ocr_par' dir='ltr' id='par_1_8' title="bbox 147 2667 1048 3066">
     <span class='ocr_line' id='line_1_20' title="bbox 188 2667 1048 2750; baseline 0.007 -27"><span class='ocrx_word' id='word_1_119' title='bbox 188 2667 322 2744; x_wconf 87' lang='lat' dir='ltr'><strong>Neptem</strong></span> <span class='ocrx_word' id='word_1_120' title='bbox 331 2688 438 2744; x_wconf 82' lang='lat' dir='ltr'><strong>parum</strong></span> <span class='ocrx_word' id='word_1_121' title='bbox 447 2672 517 2726; x_wconf 91' lang='lat' dir='ltr'><strong>novi</strong></span> <span class='ocrx_word' id='word_1_122' title='bbox 530 2688 537 2736; x_wconf 91' lang='lat'>;</span> <span class='ocrx_word' id='word_1_123' title='bbox 552 2676 698 2745; x_wconf 88' lang='lat' dir='ltr'><strong>nepotem</strong></span> <span class='ocrx_word' id='word_1_124' title='bbox 709 2668 937 2729; x_wconf 86' lang='lat' dir='ltr'><strong>familiarissime</strong></span> <span class='ocrx_word' id='word_1_125' title='bbox 949 2671 1048 2750; x_wconf 70' lang='lat' dir='ltr'><strong>diligo,</strong></span> 
     </span>
     <span class='ocr_line' id='line_1_21' title="bbox 147 2773 1048 2854; baseline 0.006 -24"><span class='ocrx_word' id='word_1_126' title='bbox 147 2773 376 2832; x_wconf 83' lang='lat' dir='ltr'><strong>adulescentem</strong></span> <span class='ocrx_word' id='word_1_127' title='bbox 391 2773 575 2851; x_wconf 83' lang='lat' dir='ltr'><strong>singularem</strong></span> <span class='ocrx_word' id='word_1_128' title='bbox 597 2794 655 2832; x_wconf 82' lang='lat' dir='ltr'><strong>nec</strong></span> <span class='ocrx_word' id='word_1_129' title='bbox 678 2780 713 2833; x_wconf 93' lang='lat' dir='ltr'><strong>iis</strong></span> <span class='ocrx_word' id='word_1_130' title='bbox 738 2783 869 2847; x_wconf 80' lang='lat' dir='ltr'><strong>tantum,</strong></span> <span class='ocrx_word' id='word_1_131' title='bbox 892 2797 966 2854; x_wconf 90' lang='lat' dir='ltr'><strong>quos</strong></span> <span class='ocrx_word' id='word_1_132' title='bbox 989 2799 1048 2835; x_wconf 83' lang='lat' dir='ltr'><strong>san-</strong></span> 
     </span>
     <span class='ocr_line' id='line_1_22' title="bbox 147 2883 1048 2961; baseline 0.01 -27"><span class='ocrx_word' id='word_1_133' title='bbox 147 2883 239 2954; x_wconf 82' lang='lat' dir='ltr'><strong>guine</strong></span> <span class='ocrx_word' id='word_1_134' title='bbox 248 2885 384 2957; x_wconf 79' lang='lat' dir='ltr'><strong>attingit,</strong></span> <span class='ocrx_word' id='word_1_135' title='bbox 393 2886 474 2938; x_wconf 82' lang='lat' dir='ltr'><strong>inter</strong></span> <span class='ocrx_word' id='word_1_136' title='bbox 483 2885 667 2958; x_wconf 91' lang='lat' dir='ltr'><strong>propinquos</strong></span> <span class='ocrx_word' id='word_1_137' title='bbox 675 2883 845 2941; x_wconf 82' lang='lat' dir='ltr'><strong>amandum.</strong></span> <span class='ocrx_word' id='word_1_138' title='bbox 870 2885 1048 2961; x_wconf 82' lang='lat' dir='ltr'><strong>Acprimunr</strong></span> 
     </span>
     <span class='ocr_line' id='line_1_23' title="bbox 148 2987 1048 3066; baseline 0.011 -26"><span class='ocrx_word' id='word_1_139' title='bbox 148 2990 327 3062; x_wconf 90' lang='lat' dir='ltr'><strong>conspicuus</strong></span> <span class='ocrx_word' id='word_1_140' title='bbox 354 2987 450 3044; x_wconf 82' lang='lat' dir='ltr'><strong>forma</strong></span> <span class='ocrx_word' id='word_1_141' title='bbox 478 3007 583 3044; x_wconf 90' lang='lat' dir='ltr'><strong>omnes</strong></span> <span class='ocrx_word' id='word_1_142' title='bbox 610 3007 764 3046; x_wconf 91' lang='lat' dir='ltr'><strong>sermones</strong></span> <span class='ocrx_word' id='word_1_143' title='bbox 792 2989 991 3066; x_wconf 82' lang='lat' dir='ltr'><strong>malignorum</strong></span> <span class='ocrx_word' id='word_1_144' title='bbox 1020 3001 1048 3050; x_wconf 85' lang='lat' dir='ltr'><strong>et</strong></span> 
     </span>
    </p>
   </div>
   <div class='ocr_carea' id='block_1_9' title="bbox 152 3103 192 3176">
    <p class='ocr_par' dir='ltr' id='par_1_9' title="bbox 152 3103 192 3176">
     <span class='ocr_line' id='line_1_24' title="bbox 152 3103 192 3176; baseline 0 -17"><span class='ocrx_word' id='word_1_145' title='bbox 152 3103 192 3176; x_wconf 88' lang='lat'><strong>58</strong></span> 
     </span>
    </p>
   </div>
   <div class='ocr_carea' id='block_1_10' title="bbox 0 0 1072 3440">
    <p class='ocr_par' dir='ltr' id='par_1_10' title="bbox 0 0 1072 3440">
     <span class='ocr_line' id='line_1_25' title="bbox 0 0 1072 3440; baseline 0 0"><span class='ocrx_word' id='word_1_146' title='bbox 0 0 1072 3440; x_wconf 95' lang='lat' dir='ltr'><strong> </strong></span> 
     </span>
    </p>
   </div>
  </div>
 </body>
</html>
