2114 3440
267 252 356 310 THE
384 251 569 311 LETTERS
597 253 652 312 OF
682 253 807 311 PLINY

515 498 563 554 111

283 657 313 712 C.
340 656 462 712 Primus
486 655 652 712 Paansnurr
676 656 737 714 Suo
759 656 788 713 S.

127 815 272 872 Taurini:
287 818 515 890 perseverantia
529 821 563 870 tu
578 813 669 870 modo
689 819 721 870 in
745 813 887 884 Lucania,
901 814 999 871 modo

87 953 118 1004 iu
139 947 323 1022 Campania?
366 946 455 1023 ‘lpse
483 945 581 1004 enim’
604 950 705 1023 inquis
725 946 893 1017 ‘Lucanus
918 967 998 1004 uxor

48 1062 51 1066 ¹
88 1077 256 1154 Campana'
309 1079 394 1136 Iusta
429 1098 517 1136 causa
550 1078 694 1156 longioris
730 1079 897 1149 absentiae,
932 1099 997 1136 non

87 1218 253 1286 perpetuae
279 1219 392 1269 tamen.
435 1209 518 1282 Quin
541 1231 614 1288 crgo
637 1211 799 1290 aliquando
827 1216 859 1268 in
886 1211 997 1269 urbem

87 1341 187 1398 redis?
208 1343 259 1400 ubi
281 1343 423 1420 dignitas,
445 1343 550 1414 honor,
565 1348 714 1402 amicitiae
737 1352 800 1401 tam
825 1347 997 1421 superiores

87 1487 177 1543 quam
220 1473 358 1526 minores.
409 1468 575 1547 Quousque
619 1472 784 1547 regnabis?
836 1489 997 1547 quousque

87 1590 235 1667 vigilabiS,
269 1613 337 1650 cum
379 1594 482 1652 voles?
524 1595 665 1664 dormies,
700 1593 844 1671 quamdiu
888 1593 994 1652 voles?

88 1733 244 1792 quousque
267 1716 359 1774 calcei
383 1737 540 1794 nusquam,
563 1724 636 1792 toga
664 1714 780 1786 feriata,
806 1715 884 1773 liber
912 1724 996 1774 totus

89 1833 154 1891 dies
166 1836 178 1890 ?

129 1952 263 2030 Tempus
291 1961 339 2011 est
361 1961 393 2011 te
417 1957 547 2010 revisere
570 1953 724 2012 molestias
746 1962 864 2012 nostras
887 1952 934 2010 vel
956 1956 995 2011 ob

88 2075 146 2133 hoc
161 2076 267 2147 solum,
283 2096 323 2132 ne
337 2075 509 2152 voluptates
524 2081 599 2135 istae
622 2081 764 2135 satietate
785 2077 993 2158 languescant.

89 2200 194 2258 Saluta
208 2199 370 2276 paulisper,
379 2221 439 2278 quo
454 2205 493 2258 sit
507 2203 565 2259 tibi
574 2202 735 2260 iucundius
752 2200 885 2270 salutari,
894 2207 994 2257 terere

89 2328 121 2380 in
149 2323 206 2379 hac
235 2323 332 2394 turba,
358 2331 394 2381 ut
421 2331 453 2380 te
482 2323 613 2382 solitudo
641 2325 786 2384 delectet.
835 2321 896 2380 Sed
924 2322 995 2399 quid

90 2449 276 2525 imprudcnS,
292 2468 383 2526 quem
398 2451 542 2506 evocarel
557 2470 658 2521 conor,
673 2447 816 2506 retardo?
860 2446 994 2503 Fortasse

92 2577 173 2631 enirn
188 2573 235 2630 his
249 2576 321 2649 ipsis
335 2572 516 2643 admoneris,
531 2581 567 2630 ut
585 2581 618 2631 te
639 2576 735 2650 magis
757 2591 792 2627 ac
816 2573 912 2645 magis
935 2573 995 2626 otio

92 2696 244 2765 involvas3
265 2696 346 2773 quod
361 2717 420 2773 ego
434 2717 495 2754 non
510 2697 658 2772 abrumpi,
673 2695 728 2753 sed
743 2696 905 2752 intermitti
920 2691 992 2748 volo.

95 2823 139 2880 Ut
154 2826 274 2880 enimsi
295 2841 402 2879 cenam
423 2823 480 2880 tibi
501 2821 643 2892 facerem,
658 2821 797 2878 dulcibus
820 2822 894 2876 cibis
916 2837 994 2875 acres

93 2954 258 3025 acutosque
272 2951 440 3016 miscerem,
456 2954 492 3004 ut
506 2946 631 3003 obtusus
646 2946 705 3002 illis
720 2953 753 3003 et
766 2944 879 3002 oblitus
891 2952 993 3001 stoma-

261 3095 269 3127 ¹
287 3111 396 3146 evocare
409 3093 517 3158 Bipons,
532 3094 638 3153 illiillcr,
653 3107 776 3142 revocare
790 3091 823 3142 K.

97 3190 114 3243 t
