2160 3438
324 197 413 254 THE
443 195 626 254 LETTERS
655 195 709 254 OF
740 194 865 253 PLINY

141 353 322 430 supplicium
357 353 470 424 distuli,
506 361 541 411 ut
575 360 607 411 te
643 353 831 410 conditorem
866 352 1052 428 disciplinae

140 473 278 530 militaris
292 472 535 550 firmatoremque
549 470 738 530 consulerem
753 472 791 529 de
805 472 897 529 modo
918 492 1053 548 poenae.

142 591 212 668 lpse
241 595 323 648 enim
351 591 458 648 dubito
480 592 519 647 ob
541 590 617 648 haec
641 595 782 661 maxime,
806 591 898 667 quod,
924 600 965 650 ut
996 596 1055 648 iam

140 712 281 769 dixerant
303 718 491 768 sacramento
515 710 648 781 militari,
672 710 808 767 nondum
833 709 999 770 distributi
1025 717 1055 768 in

140 849 282 887 numeros
309 838 405 887 erant.
449 829 532 902 Quid
567 850 640 907 ergo
675 830 803 887 debeam
838 835 934 907 sequi,
967 852 1054 908 rogo,

140 949 274 1021 domine,
309 951 431 1022 scribas,
472 954 650 1026 praesertim
693 971 763 1009 cum
807 955 968 1027 pertineat
1017 953 1053 1010 ad

139 1069 321 1146 exemplum.

548 1246 636 1302 XXX

350 1460 353 1465 ,
443 1402 598 1460 Tauranus
621 1403 726 1462 Panuo

182 1559 350 1617 Sucunouu
366 1558 509 1617 mandata
530 1580 598 1618 mea
619 1560 693 1618 feeit
715 1561 909 1638 Sempronius
931 1563 1052 1622 Caelia-

142 1711 199 1748 nus
212 1691 365 1748 mittendo
379 1692 418 1748 ad
431 1699 464 1748 te
479 1711 539 1763 eos
551 1692 590 1749 de
605 1693 713 1768 quibus
725 1697 865 1769 cognosci
875 1697 1051 1770 oportebat,

141 1842 180 1878 an
206 1822 335 1898 capitale
358 1823 538 1899 supplicium
560 1827 705 1882 meruisse
727 1825 894 1884 videantur.
941 1826 1049 1885 Refert

141 1963 254 2024 autem,
268 1954 429 2012 voluntarii
444 1975 476 2013 se
491 1955 659 2014 obtulerint
673 1977 712 2013 an
727 1956 799 2014 lecti
815 1961 875 2014 sint
890 1957 938 2014 vel
954 1963 1048 2016 etiam

142 2082 242 2136 vicarii
271 2079 342 2136 dati.
390 2078 475 2136 Lecti
499 2084 524 2137 si
546 2088 626 2151 sunt,
648 2084 803 2158 inquisitio
824 2085 985 2158 peccavit;
1022 2089 1046 2140 si

142 2215 243 2268 vicarii
257 2211 331 2282 dati,
340 2231 435 2288 penes
450 2231 501 2269 eos
516 2212 604 2288 culpa
619 2221 676 2284 est,
685 2218 736 2290 qui
752 2214 923 2282 dederunt3
939 2220 966 2272 si
979 2221 1048 2293 ipsi,

143 2364 211 2400 cum
233 2344 382 2402 haberent
404 2345 589 2402 condicionis
612 2365 682 2403 suae
708 2351 932 2417 conscientiam,
955 2367 1047 2406 vene·

142 2485 224 2547 runt,
246 2477 552 2535 animadvertendum
575 2482 606 2534 in
631 2478 698 2536 iilos
721 2482 787 2536 erit.
831 2477 939 2556 Neque
964 2485 1047 2537 enim

142 2609 272 2666 multum
293 2614 431 2681 interest,
446 2608 527 2686 quod
549 2609 685 2667 nondum
705 2629 760 2686 per
783 2630 923 2668 numeros
946 2611 1046 2670 distri-

143 2742 210 2798 buti
225 2749 303 2798 sunt.
348 2741 405 2798 Ille
421 2745 502 2798 enim
516 2742 591 2812 dies,
607 2762 667 2820 quo
680 2747 811 2818 primum
825 2743 943 2819 probati
964 2754 1045 2816 sunt,

143 2876 304 2930 veritatem
318 2874 355 2929 ab
370 2872 417 2930 his
431 2877 555 2949 originis
569 2893 640 2931 suae
655 2878 759 2950 exigit.

41 3163 44 3168 -
145 3145 200 3199 312
