2150 3444
307 179 396 242 THE
426 183 608 243 LETTERS
638 183 692 241 OF
722 181 850 238 PLlNY

124 345 247 399 iniuriis.
290 341 323 399 Si
340 347 392 419 qui
413 350 516 400 autem
538 361 570 398 se
592 347 698 397 contra
718 338 923 416 disciplinam
948 361 980 396 m

123 444 284 516 gesserint,
299 444 403 498 statim
417 447 632 507 coerceantur3
645 446 709 510 aut,
720 442 745 495 si
759 436 828 514 plus
842 437 1013 496 admiserin

123 558 213 614 quam
234 547 268 596 ut
292 544 324 596 in
349 560 382 598 re
403 543 557 617 praesenti
578 543 650 598 satis
671 541 847 615 puniantur,
870 541 901 594 si
926 539 1033 596 militet

59 646 62 652 '
123 646 223 708 erunt,
249 637 358 715 legatis
381 658 495 708 eorum,
518 637 621 715 quod¹
647 634 904 712 deprehenderis
935 645 1035 722 notuul

123 735 215 794 facies
237 743 300 806 aut,
323 740 346 794 si
371 741 403 793 in
428 738 534 794 urbem
561 754 663 793 versus
689 738 808 792 venturi
832 743 945 806 erunt,
970 735 1032 792 mihi

122 836 241 893 scribes.

509 1069 640 1127 LXXIX
739 1061 741 1066 ’

298 1203 330 1262 C.
355 1203 476 1260 Primus
498 1202 638 1260 Turrino
665 1200 853 1260 luennaroar

163 1336 295 1394 Cauruu
316 1343 373 1406 est,
387 1333 520 1405 domine,
536 1334 679 1411 Pompeia
697 1333 778 1410 lege,
792 1355 871 1412 quae
893 1334 1030 1415 Bithynis

122 1433 195 1492 data
222 1442 278 1505 est,
307 1454 346 1490 ne
375 1437 442 1511 quis
469 1437 569 1510 capiat
596 1437 807 1510 magistratum
832 1453 916 1492 neve
942 1440 983 1493 sit
1002 1441 1030 1491 in

123 1540 229 1590 senatu
247 1537 346 1589 minor
365 1552 513 1588 annorum
536 1535 671 1608 triginta.
715 1531 831 1589 Eadem
857 1532 933 1610 lege
955 1553 1031 1590 com-

122 1632 307 1708 prehensum
322 1638 379 1703 est,
394 1639 438 1700 ut,
454 1635 505 1707 qui
523 1633 662 1707 ceperint
679 1634 905 1706 magistratum,
921 1636 986 1690 sint
1002 1637 1030 1688 in

122 1738 238 1787 senatu.
282 1728 429 1787 Secutum
457 1736 505 1786 est
532 1727 605 1784 dein
633 1726 768 1784 edictum
795 1728 858 1786 divi
886 1730 1031 1808 Augusti,

122 1846 182 1904 quo
196 1830 335 1904 permisit
347 1830 480 1884 minores
493 1829 688 1902 magistratus
701 1825 740 1882 ab
754 1828 841 1882 annis
858 1826 983 1886 duobus
1001 1838 1030 1887 et

122 1929 230 2001 viginti
244 1944 360 2001 capere.
404 1924 569 1997 Quaeritur
583 1942 665 2001 ergo,
679 1943 728 1995 an,
743 1928 794 2002 qui
808 1929 910 1983 minor
923 1933 1029 2005 trigin-

122 2031 154 2080 ta
168 2042 315 2080 annorum
331 2026 425 2100 gessit
439 2026 643 2098 magistratus,
657 2025 752 2099 possit
769 2043 787 2078 a
803 2026 984 2083 censoribus
1000 2032 1030 2083 in

121 2130 261 2179 senatum
289 2121 350 2198 legi
374 2128 417 2194 et,
441 2125 467 2178 si
491 2128 603 2196 potest,
624 2139 664 2177 an
687 2122 708 2176 ii
736 2140 866 2198 quoque,
890 2128 944 2200 qui
970 2145 1030 2183 non

121 2223 280 2297 gesserint,
295 2222 411 2297 possint
425 2238 481 2296 per
494 2217 624 2276 eandem
637 2221 925 2295 interpretationem
940 2223 982 2280 ab
996 2243 1031 2280 ea

120 2325 222 2376 aetate
236 2324 392 2376 senatores
405 2317 477 2394 legi,
492 2337 510 2373 a
524 2337 583 2394 qua
603 2316 663 2374 illis
685 2322 896 2395 magistratum
919 2339 1031 2396 gerere

121 2392 299 2492 permissuln
314 2423 375 2485 est;
389 2415 471 2492 quod
484 2415 596 2492 alioqui
610 2415 783 2473 factitatum
796 2416 897 2475 adhuc
912 2426 946 2476 et
963 2439 1032 2478 esse

120 2518 322 2572 necessarium
337 2513 459 2587 dicitur,
473 2517 543 2591 quia
557 2517 597 2571 sit
610 2513 765 2590 aliquanto
786 2514 895 2572 melius
917 2515 1032 2575 hones-

119 2617 220 2670 torum
244 2612 401 2670 hominum
428 2612 539 2668 liberos
567 2629 658 2688 quam
686 2631 704 2669 e
732 2611 823 2689 plebe
851 2616 883 2669 in
911 2620 1032 2672 curiam

119 2708 250 2765 admitti.

327 2785 335 2815 ¹
352 2785 423 2850 quod
435 2785 631 2848 Ritceraluaiua,
645 2804 712 2852 quaa
724 2805 749 2849 a,
764 2789 817 2842 nv.

122 2867 1031 2967 mm

121 2959 251 3026 Bithynia
261 2977 316 3010 was
328 2962 439 3013 maclou
459 2964 561 3016 Roman
600 2969 713 3018 rovinoo.
748 2971 772 3019 A
793 2969 859 3021 kind
879 2971 908 3020 oi
928 2975 1030 3024 eonati·

120 3025 209 3074 tution
228 3025 280 3084 (lea
296 3027 455 3089 provinciae)
474 3028 516 3078 ior
535 2983 599 3080 eacb
618 3033 743 3096 province
764 3035 825 3084 thus
843 3037 971 3102 acquired
995 3039 1031 3104 by

122 3115 181 3187 380
