2158 3436
326 213 415 270 THE
444 211 627 270 LETTERS
655 211 710 268 OF
740 209 865 266 PLINY
1067 235 1068 300 p

122 363 219 430 villud
247 375 328 428 iners
355 369 488 447 quidem,
517 367 682 426 iucundum
710 375 814 424 tamen
842 364 918 421 nihil
947 383 1044 440 agere,
1067 331 1068 396 d

144 504 221 561 nihil
245 523 328 572 esse3
358 502 434 559 adeo
459 501 556 558 multa
577 521 627 558 me
647 503 771 576 negotia
798 503 964 556 amicorum
993 517 1046 553 nec

145 638 288 696 secedere
309 657 366 715 nec
381 634 505 692 studere
520 637 685 710 patiuntur.
730 631 822 688 Nulla
844 635 926 688 enim
950 629 1047 686 studia

144 773 233 839 tanti,
255 777 290 827 ut
313 771 463 825 amicitiae
486 766 614 823 officium
636 764 803 835 deseratur,
825 763 907 840 quod
929 762 1046 839 religio-

145 905 260 959 sissime
282 898 515 958 custodiendum
529 897 630 955 studia
643 901 708 973 ipsa
721 899 919 973 praecipiunt.
965 894 1044 952 Vale.
1067 959 1068 1002 r

1067 1073 1068 1102 i

584 1112 613 1168 X

288 1259 319 1316 C.
337 1258 458 1316 Primus
473 1257 496 1313 F
498 1275 592 1314 auaro
609 1246 782 1312 Pnosocnuo
797 1254 859 1312 Suo
875 1255 904 1314 S.

188 1406 257 1477 Quo
272 1409 367 1480 magis
391 1407 475 1479 cupis
500 1421 538 1458 ex
552 1402 638 1458 nobis
660 1408 843 1476 pronepotes
865 1400 979 1470 videre,
994 1381 1068 1456 hoc*

146 1541 260 1594 tristior
274 1534 378 1592 audies
392 1542 519 1611 neptem
533 1542 618 1592 tuam
632 1534 772 1590 abortum
787 1532 904 1604 fecisse,
919 1533 995 1591 dum
1017 1553 1047 1589 sc

146 1675 366 1746 praegnantem
381 1686 447 1723 esse
461 1665 637 1742 puellariter
651 1669 797 1722 nescitae
811 1685 866 1741 per
886 1665 945 1722 hoc
959 1685 1048 1742 quae-

147 1799 217 1856 dam
242 1795 440 1855 custodienda
464 1797 701 1872 praegnantibus
726 1799 851 1866 omittit,
866 1794 940 1853 facit
962 1801 1048 1852 ornit-

146 1922 248 1981 tenda.
293 1919 393 1990 Quem
418 1939 549 1977 errorem
574 1924 691 1996 magnis
712 1919 903 1978 documentis
918 1924 1048 1996 expiavit
1067 1909 1068 1944 ³

146 2050 178 2102 in
202 2064 352 2102 summum
374 2043 541 2119 periculum
563 2042 702 2100 adducta.
747 2042 855 2120 Igitur,
869 2050 905 2101 ut
926 2063 1048 2101 necesse

147 2177 194 2227 est
207 2171 340 2245 graviter
362 2170 489 2242 accipias
514 2175 705 2225 senectutem
727 2175 812 2224 tuam
832 2129 918 2244 quasi
939 2171 1048 2243 paratis

146 2297 274 2368 posteris
289 2292 479 2363 destitutam,
495 2297 536 2350 sic
558 2291 652 2349 debes
666 2311 757 2367 agere
772 2290 818 2348 dis
832 2295 955 2368 gratias,
969 2290 1048 2369 quod

146 2421 189 2474 ita
216 2418 273 2473 tibi
300 2421 332 2474 in
366 2422 538 2493 praesentia
571 2423 754 2493 pronepotes
788 2424 989 2492 negaverunt,
1016 2422 1049 2472 ut

146 2549 302 2599 servarent
316 2550 452 2618 neptem,
467 2540 534 2598 illos
548 2539 708 2611 reddituri,
722 2560 850 2617 quorum
864 2541 951 2598 nobis
965 2560 1049 2616 spem

146 2670 306 2724 certiorem
344 2665 419 2723 haec
453 2669 518 2741 ipsa
552 2684 733 2742 quamquam
767 2685 873 2741 parum
907 2683 1048 2740 prospere

147 2789 303 2865 explorata
317 2787 488 2846 fecunditas
502 2787 583 2845 facit.

188 2909 288 2967 Isdem
303 2931 384 2968 nunc
399 2931 457 2987 ego
467 2919 499 2968 te
514 2912 622 2988 quibus
636 2917 734 2988 ipsum
748 2933 797 2969 me
808 2912 920 2982 hortor,
932 2933 1048 2982 moneo,

147 3032 297 3091 confirmo.
343 3027 465 3112 Neque¹
485 3040 567 3092 enim
601 3035 756 3095 ardentius
790 3045 825 3094 tu
858 3045 1047 3116 pronepotes

151 3143 210 3198 118
