2160 3438
303 186 392 244 THE
420 185 604 243 LETTERS
634 184 688 242 OF
720 181 846 239 PLINY
1062 225 1063 296 i

124 351 167 404 sio
203 354 269 414 est3
304 365 362 404 nec
397 347 602 412 inveniuntur,
639 346 691 419 qui
720 341 817 400 velint
844 340 971 398 debere
1002 319 1063 396 rei¹

124 454 272 531 publicae,
307 455 486 528 praesertim
521 449 670 508 duodenis
705 447 842 518 assibus,1
874 452 996 524 quanti
1029 467 1044 501 a

124 564 247 636 privatis
262 565 448 617 mutuantur.
501 557 624 634 Dispice
639 576 721 632 ergo,
736 555 868 625 domine,
884 553 1045 631 numquid

125 667 322 726 minuendam
346 687 467 725 usuram
495 686 530 723 ac
557 684 613 743 per
639 664 697 725 hoc
725 663 850 720 idoneos
878 661 1046 720 debitores

126 774 297 831 invitandos
318 781 418 849 putes,
439 780 481 844 et,
506 776 530 829 si
556 792 595 829 ne
618 776 660 828 sic
685 769 807 848 quidem
829 773 1045 844 reperiuntur,

127 879 372 938 distribuendum
407 883 489 936 inter
522 878 701 936 decuriones
729 879 901 954 pecuniam,
933 879 984 933 ita
1014 884 1063 948 uti

127 994 210 1044 recte
233 991 277 1043 rei
298 986 438 1062 publicae
453 993 601 1054 caveant3
622 984 703 1060 quod
726 1002 912 1061 quamquam
936 965 1063 1040 invitis

127 1093 334 1150 recusantibus
370 1097 470 1150 minus
512 1093 654 1150 acerbum
696 1094 754 1148 erit
793 1089 908 1147 leviore
952 1110 1043 1148 usura

128 1203 302 1256 constituta.

556 1484 610 1542 LV

440 1643 596 1700 Tunisuus
618 1641 723 1699 Panno

171 1799 217 1857 ΕΤ
230 1804 295 1876 ipse
310 1819 371 1856 non
385 1800 467 1858 aliud
483 1799 651 1858 remedium
673 1798 809 1875 dispicio,
830 1803 873 1856 mi
895 1799 1035 1858 Secunde

132 1911 293 1978 carissime,
322 1927 413 1984 quam
440 1915 475 1964 ut
503 1911 657 1985 quantitas
688 1926 845 1964 usurarum
872 1911 1034 1976 minuatur,

130 2034 189 2092 quo
214 2012 331 2071 facilius
353 2017 500 2089 pecuniae
515 2013 654 2090 publicae
669 2012 865 2071 collocentur.
909 2013 1034 2070 Modum

130 2125 195 2178 eius
217 2140 255 2178 ex
270 2124 355 2197 copia
369 2140 483 2190 eorum,
498 2124 550 2196 qui
565 2120 795 2190 mutuabuntur,
809 2127 845 2177 tu
860 2123 1032 2178 constitues

132 2229 247 2286 Invitos
274 2227 313 2285 ad
341 2226 551 2304 accipiendum
580 2227 773 2303 compellere,
796 2227 878 2304 quod
902 2227 1033 2285 fortassis

130 2337 202 2409 ipsis
227 2335 356 2391 otiosum
379 2332 515 2390 futurum
530 2337 579 2403 sit,
594 2352 656 2389 non
671 2340 770 2390 estex
785 2336 899 2390 iustitia
919 2341 1033 2391 nostro-

131 2459 199 2497 rum
213 2447 393 2515 temporum.

164 2593 171 2624 ¹
191 2593 319 2643 duodenis
331 2593 435 2644 assibus
451 2595 532 2644 deleri
548 2595 634 2644 volum
652 2593 786 2644 limatius
797 2601 820 2644 et
832 2595 933 2655 Hard,
947 2600 1032 2648 usuris

131 2658 234 2709 assibus
245 2658 390 2709 Salmasius
401 2667 424 2710 et
437 2659 588 2710 Grmaoviua.

132 2755 252 2838 'vidie
263 2804 356 2838 reason
368 2790 430 2854 why
448 2790 513 2855 they
529 2791 577 2841 did
596 2796 643 2842 not
663 2792 758 2843 ohoose
776 2799 805 2843 to
824 2793 925 2843 borrow
942 2794 970 2844 oi
986 2795 1031 2848 the
