2114 3440
262 205 350 262 THE
379 207 562 266 LETTERS
591 207 645 265 OF
675 207 800 264 PLINY

80 385 177 441 genus
206 373 239 423 et
264 369 296 421 in
322 365 576 423 oblectationibus
604 365 743 423 habuisse
776 375 809 424 et
836 372 868 423 in
895 367 986 424 laude
1047 355 1050 450 J

80 478 222 548 posuisse.
280 472 405 531 Intendi
442 477 576 531 animum
611 482 776 551 contraque
811 479 986 550 opinionem

80 599 179 637 meam
207 589 276 656 post
302 581 424 658 longam
445 581 680 639 desuetudinem
701 601 847 659 perquam
875 586 987 658 exiguo

81 691 225 763 temporis
239 695 395 787 momento
410 687 441 744 id
456 691 565 762 ipsum,
579 687 661 764 quod
675 708 724 745 me
739 687 777 745 ad
791 688 987 745 scribendum

80 794 303 866 sollicitaverat,
317 795 364 853 his
377 797 512 853 versibus
526 801 661 855 exaravi:

162 953 238 1010 Cum
252 953 343 1011 libros
358 953 438 1011 Galli
453 952 597 1030 legerem,
611 955 719 1031 quibus
733 955 785 1012 ille
800 958 919 1031 parenti

121 1081 209 1119 ausus
222 1061 262 1119 de
278 1062 423 1119 Cicerone
437 1061 510 1119 dare
525 1069 572 1120 est
586 1060 778 1139 palmamque
793 1062 957 1139 decusque,

121 1168 265 1225 lascivum
279 1172 380 1225 inveni
395 1168 495 1226 lusum
510 1161 661 1226 Ciceronis
674 1177 706 1226 et
721 1169 773 1225 illo

121 1274 321 1350 spectandum
336 1279 470 1352 ingenio,
484 1294 544 1352 quo
558 1279 635 1332 seria
649 1274 792 1332 condidit
801 1281 833 1330 ct
848 1293 907 1350 quo

121 1380 260 1437 humanis
274 1381 385 1439 salibus
398 1381 496 1439 multo
510 1387 651 1460 varioque
665 1383 769 1458 lepore

121 1507 299 1562 magnorum
313 1489 449 1546 ostendit
462 1498 582 1547 mentes
596 1489 729 1566 gaudere
744 1493 882 1544 virorum.

123 1593 200 1650 Nam
210 1599 356 1671 queritur,
366 1595 447 1673 quod
455 1594 562 1652 fraude
573 1595 653 1651 mala
661 1594 821 1651 frustratus
832 1603 987 1651 amantem

122 1700 249 1775 paucula
263 1709 371 1758 cenato
385 1704 441 1758 sibi
456 1701 560 1758 debita
574 1703 653 1758 savia
667 1699 737 1756 Tiro

122 1813 259 1882 tempore
274 1816 423 1866 noctumo
437 1807 628 1865 subtraxerit.
673 1807 732 1864 His
746 1826 803 1882 ego
817 1807 904 1864 lectis

122 1920 194 1970 ‘cur
209 1923 278 1990 post
291 1914 385 1984 haec‚'
401 1919 534 1989 inquam,
551 1919 688 1971 ‘nostros
703 1913 835 1971 celamus
849 1934 966 1971 amores

122 2021 299 2098 nullumque
313 2025 344 2076 in
358 2020 494 2077 medium
508 2021 607 2078 timidi
621 2021 727 2078 damus
741 2030 833 2098 atque
848 2021 980 2078 fatemur

122 2126 300 2203 Tironisque
314 2126 409 2198 dolos,
418 2127 535 2184 Tironis
549 2148 637 2185 nosse
652 2127 776 2204 fugaces
813 2180 814 2184 ,

122 2234 284 2291 blanditias
299 2242 331 2290 et
346 2233 426 2292 furta
440 2255 532 2292 novas
546 2235 691 2293 addentia
706 2235 861 2292 flammas?
874 2235 879 2254 ’

122 2392 238 2449 Transii
253 2393 291 2449 ad
306 2392 409 2470 elegos
422 2413 429 2462 ;
452 2393 506 2450 hos
521 2414 641 2471 quoque
656 2414 718 2450 non
732 2398 832 2455 minus
847 2392 988 2451 celeriter

82 2499 231 2575 explicui;
252 2498 356 2557 addidi
378 2500 451 2557 alios
476 2500 623 2558 facilitate
648 2507 813 2577 corruptus.
867 2499 987 2560 Deinde

81 2611 113 2662 in
148 2608 255 2664 urbem
289 2627 426 2666 reversus
461 2607 612 2684 sodalibus
647 2606 717 2684 legi.
772 2606 986 2664 Probaverunt.

83 2712 204 2771 Deinde
218 2714 304 2790 plura
318 2723 425 2786 metra,
440 2720 465 2772 si
487 2714 560 2792 quid
582 2718 648 2784 otii,
670 2717 800 2770 maxime
824 2717 856 2769 in
878 2717 987 2770 itinere

82 2825 239 2897 temptavi.
267 2822 421 2879 Postremo
436 2822 550 2897 placuit
564 2820 705 2896 exemplo
721 2819 884 2877 multorum
895 2839 986 2877 unum

81 2937 242 3008 separatim
256 2930 577 3008 hendecasyllaborum
592 2930 733 2987 volumen
753 2929 918 3000 absolvere,
932 2947 988 2985 nec

83 3043 230 3112 paenitet.
275 3038 413 3116 Legitur,
438 3037 629 3109 describitur,
650 3043 790 3094 cantatur
811 3039 904 3096 etiam
925 3043 987 3094 eta

89 3163 124 3201 ro
