2150 3444
298 219 387 280 THE
413 219 597 282 LETTERS
626 225 681 283 OF
711 222 838 282 PLINY

116 405 173 441 nec
207 391 324 441 terrore
359 381 516 442 hominum
550 392 603 440 aut
638 385 813 442 criminibus
854 389 1059 452 maiestatis¹

117 496 316 548 reverentiam
353 497 468 548 nomini
504 512 573 548 meo
607 496 728 568 acquiri.
793 492 920 550 Omissa
959 514 1059 570 ergo*

116 619 152 656 ea
179 603 367 676 quaestione,
389 621 479 677 quarn
507 621 569 657 non
593 600 800 672 admitterem,
820 605 951 657 etiamsi
983 621 1036 658 ex-

116 708 224 784 emplis
251 708 454 777 adiuvaretur,
475 713 552 766 ratio
580 712 674 766 totius
703 711 802 784 operis
832 707 940 765 effecti
979 711 1036 765 sub

115 835 187 872 cura
214 815 373 871 Cocceiani
398 815 505 871 Dionis
538 819 719 886 excutiatur,
743 835 812 871 curn
841 821 875 872 et
911 815 1035 872 utilitas

116 925 246 978 civitatis
274 925 388 998 exigat,
408 941 466 978 nec
494 929 547 979 aut
575 929 695 979 recuset
722 921 802 978 Dion
831 929 887 978 aut
914 921 1033 980 debeat

116 1047 263 1086 recusare.

490 1336 655 1430 Lxxiou

299 1507 330 1564 C.
355 1507 477 1564 Primos
497 1508 636 1564 Traiano
658 1508 846 1568 Iurnnaronr

159 1640 306 1712 Ronanus,
328 1639 460 1712 domine,
480 1663 497 1697 a
518 1642 735 1699 Nicaeensibus
757 1645 879 1720 publice
902 1666 961 1722 per
983 1667 1028 1714 ea,

116 1754 194 1811 quae
215 1734 289 1790 mihi
311 1743 344 1792 et
364 1743 436 1792 sunt
458 1743 490 1792 et
504 1736 621 1794 debent
636 1757 701 1795 esse
716 1743 915 1810 sanctissima,
930 1741 965 1798 id
981 1749 1028 1797 est

116 1848 171 1904 per
184 1834 400 1886 aeternitatem
414 1837 499 1886 tuam
514 1830 714 1907 salutemque,
729 1840 764 1888 ut
778 1852 885 1908 preces
903 1853 975 1892 suas
988 1835 1027 1892 ad

115 1929 148 1978 te
163 1922 340 1998 perferrem,
355 1922 400 1980 sas
414 1944 476 1980 non
491 1928 595 1999 putavi
614 1945 727 2001 negare
744 1935 969 2004 acceptumque
988 1931 1027 1985 ab

115 2015 163 2072 his
177 2016 314 2073 libellum
329 2016 400 2074 huic
414 2017 562 2093 epistulae
577 2023 669 2075 iunxi.

497 2227 658 2284 LXXXIV

430 2362 585 2419 Taurinos
607 2362 712 2419 Pirum

157 2491 385 2565 Nrcassusraus,
399 2499 451 2570 qui
464 2499 679 2552 intestatomm
693 2499 803 2552 civium
817 2514 937 2553 suorum
953 2519 1026 2557 con-

117 2606 231 2644 cessam
247 2587 482 2646 vindicationem
497 2589 644 2646 bonorum
658 2610 676 2645 a
690 2588 761 2646 divo
777 2591 916 2666 Augusto
932 2592 1025 2650 'adfir-

119 2688 213 2751 mant‚
228 2681 354 2738 debebis
368 2703 473 2739 vacare
488 2687 651 2740 contractis
668 2686 807 2741 omnibus
828 2690 963 2760 personis
981 2690 1025 2746 ad

117 2775 201 2830 idem
214 2780 372 2850 negotium
387 2778 612 2851 pertinentibus
626 2777 771 2835 adhibitis
783 2777 886 2835 Virdio
900 2778 1025 2840 Gemel-
1058 2849 1059 2862 ἵ

118 2867 181 2923 lino
210 2875 241 2924 et
270 2868 447 2943 Epimacho,
468 2870 580 2927 liberto
603 2891 680 2942 meo,
706 2875 955 2947 procuratoribus
976 2887 1024 2949 ut,
1058 2863 1059 2946 i

119 2961 286 3016 aestimatis
301 2965 393 3017 etiarn
408 2966 454 3033 iis,
469 2983 546 3039 quae
562 2965 835 3037 contradicuntur,
850 2967 929 3045 quod
943 2977 1022 3046 opti-

119 3069 202 3105 mum
217 3051 416 3123 credideritis,
430 3061 578 3113 statuatis

128 3157 185 3224 388
