2150 3444
270 194 364 284 rns'
388 206 572 286 Lnrraas
601 221 656 285 or
686 220 812 284 rum

505 462 571 518 CVl

269 592 300 650 C.
325 593 446 650 Parmos
467 593 606 651 Traiano
629 595 818 651 luraaxrom

131 726 279 797 Rooxrus,
300 727 433 798 domine,
460 747 478 782 a
505 727 534 782 P.
565 727 654 783 Accio
675 726 795 804 Aquila,
813 732 1003 785 centurione

90 824 221 882 cohortis
245 833 349 882 sextae
374 829 532 902 equestris
548 834 584 883 ut
598 829 753 882 mitterem
768 827 825 882 tibi
847 825 1001 896 libellum,

90 943 145 999 per
172 943 263 1000 quem
291 923 514 1000 indulgentiam
542 945 597 1002 pro
625 933 706 982 statu
735 924 816 992 filiae
841 944 916 983 suae
946 929 1002 981 im-

90 1021 197 1098 plorat,
219 1021 329 1078 durum
352 1027 455 1098 putavi
478 1043 600 1100 negare,
622 1043 691 1080 cum
712 1027 830 1093 scirem,
850 1031 1001 1100 quantam
1061 1043 1062 1102 l

91 1119 203 1177 soleres
213 1120 343 1178 militum
359 1123 498 1197 precibus
513 1125 691 1199 patientiam
713 1122 1002 1200 humanitatemque
1061 1103 1062 1132 ¹

91 1227 251 1294 praestare.

497 1404 581 1461 CVII

402 1543 557 1603 Tamarus
580 1544 685 1602 Panno

135 1684 287 1742 memuu
313 1684 343 1740 P.
370 1684 454 1740 Accii
484 1684 624 1762 Aquilae,
652 1689 837 1742 centurionis
866 1685 1004 1744 cohortis

93 1800 196 1850 sextae
219 1795 376 1870 equestris
399 1811 490 1868 quem
513 1795 630 1862 misisti,
652 1792 731 1869 legi3
752 1797 837 1850 cuius
858 1794 1004 1868 precibus
1061 1821 1062 1876 p

93 1906 193 1956 motus
207 1898 279 1954 dedi
294 1897 371 1954 filiae
387 1902 450 1955 eius
467 1903 622 1957 civitatem
641 1899 814 1956 Romanam.
846 1899 1003 1957 Libellum
1061 1899 1062 1904 ’

95 2008 241 2080 rescripti,
256 2024 347 2081 quem
363 2004 405 2060 illi
420 2005 573 2077 redderes
588 2011 655 2064 misi
670 2008 734 2063 tibi.

493 2315 593 2372 CVlll

277 2458 308 2516 C.
333 2458 453 2514 Primus
474 2456 613 2513 Traiano
634 2456 822 2513 lucustarum

137 2599 220 2671 Qum
244 2598 356 2654 habere
382 2601 453 2654 iuris
477 2596 551 2654 velis
574 2605 606 2653 et
632 2596 778 2673 Bithynas
803 2603 835 2652 et
859 2595 1002 2652 Ponticas

96 2710 233 2763 civitates
261 2709 293 2761 in
321 2703 479 2779 exigendis
506 2708 653 2779 pecuniiS,
683 2723 759 2779 quae
788 2702 847 2759 illis
875 2701 924 2758 vel
961 2722 1000 2759 ex

96 2811 295 2868 locationibus
334 2810 381 2867 vel
422 2830 459 2866 ex
499 2810 724 2868 venditionibus
762 2811 865 2868 aliisve
903 2816 1001 2868 causis

97 2915 276 2986 debeantur,
311 2936 393 2992 rogo,
421 2917 553 2986 domine,
585 2920 737 2976 rescribas.
796 2919 862 2996 Ego
896 2923 1000 2975 inveni
1061 2979 1062 2990 ,

98 3177 158 3227 414
