2114 3440
282 191 371 250 THE
401 191 583 252 LETTERS
613 193 667 253 OF
698 195 821 252 PLINY

102 351 235 408 Caesaris
270 354 486 428 praeiudicium
523 353 617 411 fieret.
651 321 841 430 vRespondit
878 357 1017 431 Magnus

102 470 272 544 iterumque
303 468 477 546 Polyaenus.
523 439 592 545 lpse
615 490 680 526 raro
706 478 738 528 et
747 464 895 528 'breviter
919 476 1018 529 inter-

101 583 220 641 locutus
247 583 377 640 multum
399 605 448 641 me
472 589 552 641 intra
573 585 727 642 silentium
749 590 843 643 tenui.
895 586 1018 664 Accepi

102 703 183 754 enim
199 718 259 755 non
274 703 373 756 minus
388 699 542 756 interdum
557 705 719 758 oratorium
732 720 797 758 esse
806 709 907 759 tacere
919 722 1017 779 quam

102 815 203 873 dicere
218 823 310 892 atque
326 815 403 872 adeo
425 823 532 892 repeto
546 816 725 892 quibusdam
748 837 797 874 me
822 821 928 893 capitis
951 824 1016 876 reis

102 930 149 986 vel
184 932 280 1005 magis
321 929 443 988 silentio
477 950 567 1006 quam
609 934 746 988 oratione
788 935 1016 989 accuratissima

103 1045 258 1122 profuisse.

144 1163 245 1219 Mater
257 1165 366 1218 amisso
379 1161 440 1218 filio
455 1161 540 1240 (quid
561 1165 644 1221 enim
664 1160 816 1238 prohibet,
829 1181 1014 1239 quamquam

102 1277 161 1334 alia
174 1281 251 1334 ratio
265 1276 441 1335 scribendae
456 1277 604 1354 epistulae
618 1276 721 1349 fuerit,
736 1277 775 1334 de
790 1276 898 1335 studiis
912 1277 1014 1353 dispu-

102 1401 168 1450 tare
178 1393 202 1468 ἓ)
224 1393 349 1450 libertos
370 1397 434 1450 eius
456 1392 639 1469 eosdemque
662 1391 827 1449 coheredes
853 1411 921 1449 suos
944 1392 1014 1448 falsi

104 1515 136 1564 et
150 1508 287 1565 veneficii
302 1527 368 1564 reos
390 1507 544 1566 detulerat
566 1508 603 1564 ad
629 1511 796 1584 principem
819 1506 1014 1584 iudicemque
1055 1519 1056 1526 ’

104 1629 320 1699 impetraverat
349 1623 458 1681 lulium
481 1623 666 1681 Servianum.
711 1620 919 1678 Defenderam
945 1643 1013 1680 reos

103 1735 224 1807 ingenti
238 1731 362 1808 quidem
376 1739 474 1789 coetu.
519 1730 593 1786 Erat
616 1731 698 1785 enim
722 1747 811 1784 causa
834 1733 1013 1798 notissima;

105 1847 262 1915 praeterea
280 1842 432 1915 utrimque
454 1840 578 1912 ingenia
601 1834 771 1892 clarissima.
816 1834 922 1892 Finem
946 1856 1013 1913 cog-

105 1950 213 2004 nitioni
228 1949 365 2023 quaestio
379 1948 522 2021 imposuit
535 1963 542 2011 ;
563 1962 640 2020 quae
655 1943 823 2001 seeundum
834 1963 901 2001 reos
915 1943 1011 2001 dedit.

106 2052 214 2110 Postea
237 2060 336 2110 mater
363 2050 439 2108 adiit
467 2053 644 2127 principem,
662 2050 832 2108 adfirmavit
860 2070 892 2108 se
921 2071 1014 2108 novas

104 2161 296 2236 probationes
311 2161 469 2217 invenisse.
515 2157 714 2234 Praeceptum
735 2165 782 2216 est
797 2157 965 2227 Suburano,
979 2166 1015 2214 ut

105 2274 225 2322 vacaret
260 2264 376 2322 finitam
404 2285 524 2322 eausam
558 2269 745 2334 retractanti,
774 2267 798 2321 si
833 2264 905 2342 quid
942 2268 1013 2320 novi

105 2372 247 2430 adferret.
292 2371 409 2430 Aderat
422 2376 510 2430 matri
528 2371 625 2438 lulius¹
637 2371 808 2441 Africanus
822 2391 918 2448 nepos
932 2371 1014 2429 illius
1054 2347 1055 2434 l

106 2585 291 2657 mehercule,
301 2586 400 2653 bene;
422 2584 474 2642 sed
490 2591 621 2661 quotam
633 2584 712 2640 bene
724 2583 753 2640 ?'
798 2583 898 2641 Huius
908 2603 1014 2661 nepos,

106 2698 223 2752 iuvenis
245 2696 430 2769 ingeniosus,
454 2691 507 2749 sed
536 2711 642 2766 parum
665 2690 801 2761 calliduS,
826 2712 895 2749 cum
918 2691 1013 2750 multa

107 2802 234 2860 dixisset
262 2800 516 2877 adsignatumque
543 2806 665 2874 tempus
692 2797 859 2874 implesset,
888 2806 897 2832 ‘
909 2798 1012 2876 Rogo,’

107 2912 217 2985 inquit,
246 2906 438 2976 ‘Suburane,
460 2910 618 2983 permittas
647 2905 722 2962 mihi
750 2925 844 2963 unum
873 2905 1012 2964 versnm¹

206 3038 215 3070 ¹
232 3053 338 3088 versum
351 3038 430 3101 Dpo,
444 3037 551 3098 Miiller,
566 3037 675 3086 verbum
688 3038 721 3086 M
724 3055 747 3098 r,
765 3037 869 3101 Bipoua,
885 3038 919 3090 K.

114 3135 148 3188 16

105 2482 240 2548 oratoris,
263 2498 323 2555 quo
344 2477 448 2535 audito
471 2477 629 2534 Passienus
650 2476 771 2552 Crispus
791 2476 886 2534 dixit:
909 2483 918 2510 ‘
930 2477 1015 2534 Bene
1054 2459 1055 2500 l
