2162 3438
339 224 427 287 THE
456 221 639 287 LETTERS
667 228 722 286 OF
751 221 878 284 PLINY

157 397 242 460 straS,
257 388 306 445 vel
320 393 419 464 potior
433 388 499 446 alia.
543 387 622 445 Sunt
643 390 725 444 enim
746 391 778 442 in
801 385 857 441 hac
880 385 1076 462 offendicula¹

157 525 219 560 non
234 504 334 562 nulla:
357 502 515 560 circumfer
529 503 641 574 oculos
656 512 688 561 et
702 509 870 559 occurrent.

199 619 382 696 Bibliopolas
400 618 544 695 Lugduni
564 637 629 676 esse
651 638 713 675 non
738 619 892 694 putabam,
919 638 957 674 ac
983 627 1076 708 tanto}

156 735 302 792 libentius
328 753 365 792 ex
388 734 499 792 litteris
521 738 582 791 tuis
611 737 737 810 cognovi
766 733 918 791 venditari
947 734 1072 793 libellos

158 872 251 922 meos,
265 853 373 928 quibus
388 869 516 928 peregre
531 869 654 907 manere
668 853 807 928 gratiam,
822 869 914 926 quam
937 854 972 906 in
997 854 1076 909 urbel

158 966 348 1042 collegerint,
368 965 511 1023 delector.
557 965 673 1041 Incipio
694 969 776 1022 enim
798 967 870 1022 satis
890 965 1068 1026 absolutum

159 1083 341 1152 existimare,
351 1080 389 1137 dc
404 1101 464 1157 quo
477 1087 565 1137 tanta
579 1079 755 1137 diversitate
765 1084 926 1156 regionum
936 1081 1076 1154 discreta

159 1197 316 1254 hominum
330 1196 441 1254 iudicia
455 1200 660 1254 consentiunt.
705 1196 788 1252 Vale.

571 1448 640 1546 'xri
915 1421 922 1428 ’

383 1607 414 1663 C.
439 1606 560 1663 Pmurus
583 1607 704 1663 luuroru
725 1606 787 1664 Suo
810 1605 838 1664 S.

201 1764 389 1822 Casrroauar
403 1763 527 1840 quidam
541 1763 636 1820 filium
651 1783 749 1834 suum,
763 1763 845 1840 quod
859 1764 953 1840 paulo
966 1785 1076 1842 sump-¹

160 1888 275 1942 tuosius
298 1903 391 1961 equos
414 1891 446 1940 et
468 1902 557 1940 canes
580 1891 705 1942 emeret.
760 1883 841 1940 Huic
869 1903 929 1959 ego
958 1889 1076 1964 iuvenci

150 2004 316 2080 ,digresso;
351 2003 460 2060 ‘Heus
493 2010 538 2073 tu,
566 2021 773 2080 numquamne
801 2001 911 2073 fecisti,
937 1981 1031 2079 ¹quod
1057 2027 1076 2062 a

162 2131 249 2200 patre
278 2125 386 2198 corripi
414 2124 539 2197 posset?
573 2121 683 2193 fecisti,
708 2123 789 2204 ¹dico,
818 2141 880 2178 uon
909 2125 1076 2182 interdum

160 2242 245 2313 faciS,
258 2241 339 2318 quod
355 2240 432 2298 filius
447 2249 528 2311 tuus,
542 2244 566 2298 si
588 2217 720 2318 repente
737 2249 825 2318 pater
845 2240 907 2311 illc,
923 2251 960 2300 tu
985 2244 1076 2322 lilius,

161 2364 226 2437 pari
254 2364 403 2435 gravitate
430 2359 659 2435 reprehendat?
702 2361 771 2416 Non
798 2379 905 2416 omnes
930 2360 1076 2418 homines

162 2479 262 2555 aliquo
277 2497 378 2535 errore
393 2477 567 2536 ducuntur?
589 2499 650 2535 nou
666 2479 715 2535 hic
738 2483 770 2535 in
794 2478 846 2535 illo
868 2479 936 2550 sibi,
959 2484 995 2536 in
1018 2479 1076 2535 boc

162 2598 247 2669 alius,
262 2597 424 2674 indulget?
436 2597 442 2617 ’

205 2719 292 2775 Haec
306 2719 363 2775 tibi
377 2716 550 2800 admonitus
559 2717 737 2774 immodicae
747 2720 918 2774 severitatis
928 2717 1076 2794 exemplo

164 2855 219 2912 pro
237 2855 338 2922 amore
351 2844 459 2894 mutuo
473 2840 587 2912 scripsi,
596 2857 635 2893 ne
649 2836 772 2913 quando
786 2844 820 2893 tu
835 2855 961 2914 quoque
977 2837 1076 2894 filiuni

164 2963 252 3014 tuum
266 2955 402 3012 acerbius
416 2953 581 3030 duriusque
602 2963 756 3014 tractares.
799 2956 908 3031 Cogita
931 2965 966 3016 ct
986 2958 1076 3014 illuni

166 3091 293 3148 puerum
308 3091 374 3129 esse
389 3079 422 3129 et
435 3079 468 3130 te
482 3071 574 3130 fuisse
589 3082 681 3150 atque
697 3079 739 3132 ita
754 3075 820 3146 hoc,
832 3075 916 3152 quod
931 3097 966 3135 es
975 3087 1076 3155 pater,

170 3188 224 3242 194
