<?xml version="1.0" encoding="UTF-8"?>
<!DOCTYPE html PUBLIC "-//W3C//DTD XHTML 1.0 Transitional//EN"
    "http://www.w3.org/TR/xhtml1/DTD/xhtml1-transitional.dtd">
<html xmlns="http://www.w3.org/1999/xhtml" xml:lang="en" lang="en">
 <head>
  <title>
</title>
<meta http-equiv="Content-Type" content="text/html;charset=utf-8" />
  <meta name='ocr-system' content='tesseract 3.04.00' />
  <meta name='ocr-capabilities' content='ocr_page ocr_carea ocr_par ocr_line ocrx_word'/>
</head>
<body>
  <div class='ocr_page' id='page_1' title='image "./letters01hutcgoog_0322.png"; bbox 0 0 2160 3438; ppageno 0'>
   <div class='ocr_carea' id='block_1_1' title="bbox 309 125 845 223">
    <p class='ocr_par' dir='ltr' id='par_1_1' title="bbox 309 125 845 223">
     <span class='ocr_line' id='line_1_1' title="bbox 309 125 845 223; baseline 0.004 -3"><span class='ocrx_word' id='word_1_1' title='bbox 309 163 397 221; x_wconf 76' lang='lat' dir='ltr'>nnn</span> <span class='ocrx_word' id='word_1_2' title='bbox 427 125 620 223; x_wconf 61' lang='lat' dir='ltr'>rnrrnns⁴</span> <span class='ocrx_word' id='word_1_3' title='bbox 639 165 694 223; x_wconf 87' lang='lat' dir='ltr'>or</span> <span class='ocrx_word' id='word_1_4' title='bbox 719 165 845 223; x_wconf 78' lang='lat' dir='ltr'>rnrur</span> 
     </span>
    </p>
   </div>
   <div class='ocr_carea' id='block_1_2' title="bbox 125 322 1065 1090">
    <p class='ocr_par' dir='ltr' id='par_1_2' title="bbox 125 322 1065 1090">
     <span class='ocr_line' id='line_1_2' title="bbox 126 322 1044 398; baseline 0 -20"><span class='ocrx_word' id='word_1_5' title='bbox 126 325 297 397; x_wconf 85' lang='lat' dir='ltr'>perspicere</span> <span class='ocrx_word' id='word_1_6' title='bbox 326 325 422 398; x_wconf 88' lang='lat' dir='ltr'>potui,</span> <span class='ocrx_word' id='word_1_7' title='bbox 456 326 501 379; x_wconf 90' lang='lat' dir='ltr'>vir</span> <span class='ocrx_word' id='word_1_8' title='bbox 529 325 670 398; x_wconf 84' lang='lat' dir='ltr'>egregius</span> <span class='ocrx_word' id='word_1_9' title='bbox 698 331 731 379; x_wconf 91' lang='lat' dir='ltr'>et</span> <span class='ocrx_word' id='word_1_10' title='bbox 759 322 960 397; x_wconf 78' lang='lat' dir='ltr'>indulgentia</span> <span class='ocrx_word' id='word_1_11' title='bbox 992 332 1044 380; x_wconf 82' lang='lat' dir='ltr'>tus</span> 
     </span>
     <span class='ocr_line' id='line_1_3' title="bbox 126 419 1046 497; baseline 0.001 -20"><span class='ocrx_word' id='word_1_12' title='bbox 126 420 244 495; x_wconf 75' lang='lat' dir='ltr'>dignus,</span> <span class='ocrx_word' id='word_1_13' title='bbox 302 419 357 476; x_wconf 91' lang='lat' dir='ltr'>Cui</span> <span class='ocrx_word' id='word_1_14' title='bbox 392 440 451 497; x_wconf 85' lang='lat' dir='ltr'>ego</span> <span class='ocrx_word' id='word_1_15' title='bbox 485 428 593 478; x_wconf 88' lang='lat' dir='ltr'>notum</span> <span class='ocrx_word' id='word_1_16' title='bbox 622 420 680 478; x_wconf 89' lang='lat' dir='ltr'>feci</span> <span class='ocrx_word' id='word_1_17' title='bbox 709 425 899 497; x_wconf 82' lang='lat' dir='ltr'>praecepisse</span> <span class='ocrx_word' id='word_1_18' title='bbox 929 429 980 492; x_wconf 89' lang='lat' dir='ltr'>te,</span> <span class='ocrx_word' id='word_1_19' title='bbox 1012 430 1046 478; x_wconf 89' lang='lat' dir='ltr'>ut</span> 
     </span>
     <span class='ocr_line' id='line_1_4' title="bbox 127 517 1046 596; baseline 0.002 -22"><span class='ocrx_word' id='word_1_20' title='bbox 127 537 165 574; x_wconf 86' lang='lat' dir='ltr'>cx</span> <span class='ocrx_word' id='word_1_21' title='bbox 199 517 383 590; x_wconf 70' lang='lat' dir='ltr'>cohortibus</span> <span class='ocrx_word' id='word_1_22' title='bbox 418 520 528 596; x_wconf 91' lang='lat' dir='ltr'>quibus</span> <span class='ocrx_word' id='word_1_23' title='bbox 555 539 604 576; x_wconf 91' lang='lat' dir='ltr'>me</span> <span class='ocrx_word' id='word_1_24' title='bbox 633 531 774 594; x_wconf 75' lang='lat' dir='ltr'>praeesse</span> <span class='ocrx_word' id='word_1_25' title='bbox 801 519 937 591; x_wconf 87' lang='lat' dir='ltr'>voluisti,</span> <span class='ocrx_word' id='word_1_26' title='bbox 971 535 1046 577; x_wconf 86' lang='lat' dir='ltr'>con-</span> 
     </span>
     <span class='ocr_line' id='line_1_5' title="bbox 125 617 1047 696; baseline 0.001 -22"><span class='ocrx_word' id='word_1_27' title='bbox 125 625 231 675; x_wconf 86' lang='lat' dir='ltr'>tentus</span> <span class='ocrx_word' id='word_1_28' title='bbox 256 625 337 676; x_wconf 87' lang='lat' dir='ltr'>esset</span> <span class='ocrx_word' id='word_1_29' title='bbox 358 617 556 676; x_wconf 82' lang='lat' dir='ltr'>beneficiariis</span> <span class='ocrx_word' id='word_1_30' title='bbox 582 618 698 688; x_wconf 86' lang='lat' dir='ltr'>decern,</span> <span class='ocrx_word' id='word_1_31' title='bbox 725 618 879 696; x_wconf 88' lang='lat' dir='ltr'>equitibus</span> <span class='ocrx_word' id='word_1_32' title='bbox 906 618 1047 688; x_wconf 87' lang='lat' dir='ltr'>duobus,</span> 
     </span>
     <span class='ocr_line' id='line_1_6' title="bbox 126 717 1045 793; baseline 0.001 -21"><span class='ocrx_word' id='word_1_33' title='bbox 126 720 305 774; x_wconf 81' lang='lat' dir='ltr'>centurione</span> <span class='ocrx_word' id='word_1_34' title='bbox 330 736 398 774; x_wconf 92' lang='lat' dir='ltr'>un0.</span> <span class='ocrx_word' id='word_1_35' title='bbox 444 717 613 793; x_wconf 84' lang='lat' dir='ltr'>Respondit</span> <span class='ocrx_word' id='word_1_36' title='bbox 633 736 694 774; x_wconf 91' lang='lat' dir='ltr'>non</span> <span class='ocrx_word' id='word_1_37' title='bbox 715 717 851 776; x_wconf 85' lang='lat' dir='ltr'>sufficere</span> <span class='ocrx_word' id='word_1_38' title='bbox 872 718 931 774; x_wconf 91' lang='lat' dir='ltr'>sibi</span> <span class='ocrx_word' id='word_1_39' title='bbox 956 717 1045 774; x_wconf 92' lang='lat' dir='ltr'>hunc</span> 
     </span>
     <span class='ocr_line' id='line_1_7' title="bbox 126 815 1065 892; baseline -0.001 -21"><span class='ocrx_word' id='word_1_40' title='bbox 126 833 297 884; x_wconf 90' lang='lat' dir='ltr'>numerum,</span> <span class='ocrx_word' id='word_1_41' title='bbox 322 815 415 892; x_wconf 91' lang='lat' dir='ltr'>idque</span> <span class='ocrx_word' id='word_1_42' title='bbox 437 835 470 872; x_wconf 89' lang='lat' dir='ltr'>sc</span> <span class='ocrx_word' id='word_1_43' title='bbox 491 819 674 891; x_wconf 86' lang='lat' dir='ltr'>scripturum</span> <span class='ocrx_word' id='word_1_44' title='bbox 693 817 757 873; x_wconf 89' lang='lat' dir='ltr'>tibi.</span> <span class='ocrx_word' id='word_1_45' title='bbox 805 816 874 873; x_wconf 91' lang='lat' dir='ltr'>Hoc</span> <span class='ocrx_word' id='word_1_46' title='bbox 889 821 923 872; x_wconf 91' lang='lat' dir='ltr'>in</span> <span class='ocrx_word' id='word_1_47' title='bbox 948 836 1065 873; x_wconf 46' lang='lat' dir='ltr'>causa¹</span> 
     </span>
     <span class='ocr_line' id='line_1_8' title="bbox 126 914 1065 992; baseline -0.001 -21"><span class='ocrx_word' id='word_1_48' title='bbox 126 914 194 985; x_wconf 82' lang='lat' dir='ltr'>fuit,</span> <span class='ocrx_word' id='word_1_49' title='bbox 222 934 282 992; x_wconf 92' lang='lat' dir='ltr'>quo</span> <span class='ocrx_word' id='word_1_50' title='bbox 309 919 409 972; x_wconf 90' lang='lat' dir='ltr'>minus</span> <span class='ocrx_word' id='word_1_51' title='bbox 438 918 540 972; x_wconf 82' lang='lat' dir='ltr'>statim</span> <span class='ocrx_word' id='word_1_52' title='bbox 568 915 753 972; x_wconf 87' lang='lat' dir='ltr'>revocandos</span> <span class='ocrx_word' id='word_1_53' title='bbox 781 923 932 991; x_wconf 80' lang='lat' dir='ltr'>putarem,</span> <span class='ocrx_word' id='word_1_54' title='bbox 965 925 1065 991; x_wconf 59' lang='lat' dir='ltr'>quos}</span> 
     </span>
     <span class='ocr_line' id='line_1_9' title="bbox 126 1009 1065 1090; baseline 0.002 -21"><span class='ocrx_word' id='word_1_55' title='bbox 126 1012 221 1070; x_wconf 84' lang='lat' dir='ltr'>habet</span> <span class='ocrx_word' id='word_1_56' title='bbox 236 1033 325 1090; x_wconf 82' lang='lat' dir='ltr'>supra</span> <span class='ocrx_word' id='word_1_57' title='bbox 339 1033 508 1072; x_wconf 89' lang='lat' dir='ltr'>numerum.</span> <span class='ocrx_word' id='word_1_58' title='bbox 1064 1009 1065 1016; x_wconf 38' lang='lat'>¹</span> 
     </span>
    </p>
   </div>
   <div class='ocr_carea' id='block_1_3' title="bbox 533 1180 624 1237">
    <p class='ocr_par' dir='ltr' id='par_1_3' title="bbox 533 1180 624 1237">
     <span class='ocr_line' id='line_1_10' title="bbox 533 1180 624 1237; baseline 0.011 -1"><span class='ocrx_word' id='word_1_59' title='bbox 533 1180 624 1237; x_wconf 88' lang='lat' dir='ltr'>XXII</span> 
     </span>
    </p>
   </div>
   <div class='ocr_carea' id='block_1_4' title="bbox 438 1299 720 1356">
    <p class='ocr_par' dir='ltr' id='par_1_4' title="bbox 438 1299 720 1356">
     <span class='ocr_line' id='line_1_11' title="bbox 438 1299 720 1356; baseline -0.007 0"><span class='ocrx_word' id='word_1_60' title='bbox 438 1300 593 1356; x_wconf 74' lang='lat' dir='ltr'>Tssrsuus</span> <span class='ocrx_word' id='word_1_61' title='bbox 616 1299 720 1356; x_wconf 82' lang='lat' dir='ltr'>Punuo</span> 
     </span>
    </p>
   </div>
   <div class='ocr_carea' id='block_1_5' title="bbox 127 1395 1065 2185">
    <p class='ocr_par' dir='ltr' id='par_1_5' title="bbox 127 1395 1065 2185">
     <span class='ocr_line' id='line_1_12' title="bbox 169 1395 1065 1495; baseline -0.001 -21"><span class='ocrx_word' id='word_1_62' title='bbox 169 1419 215 1474; x_wconf 87' lang='lat' dir='ltr'>Er</span> <span class='ocrx_word' id='word_1_63' title='bbox 239 1419 311 1476; x_wconf 87' lang='lat' dir='ltr'>mihi</span> <span class='ocrx_word' id='word_1_64' title='bbox 328 1395 447 1495; x_wconf 85' lang='lat' dir='ltr'>scripsit</span> <span class='ocrx_word' id='word_1_65' title='bbox 462 1419 575 1476; x_wconf 86' lang='lat' dir='ltr'>Gabius</span> <span class='ocrx_word' id='word_1_66' title='bbox 601 1419 709 1475; x_wconf 83' lang='lat' dir='ltr'>Bassus</span> <span class='ocrx_word' id='word_1_67' title='bbox 734 1437 795 1473; x_wconf 87' lang='lat' dir='ltr'>non</span> <span class='ocrx_word' id='word_1_68' title='bbox 819 1418 955 1475; x_wconf 90' lang='lat' dir='ltr'>sufficere</span> <span class='ocrx_word' id='word_1_69' title='bbox 980 1420 1038 1475; x_wconf 92' lang='lat' dir='ltr'>sibi</span> <span class='ocrx_word' id='word_1_70' title='bbox 1064 1465 1065 1468; x_wconf 62' lang='grc'>,</span> 
     </span>
     <span class='ocr_line' id='line_1_13' title="bbox 128 1511 1065 1594; baseline 0.001 -22"><span class='ocrx_word' id='word_1_71' title='bbox 128 1536 198 1573; x_wconf 90' lang='lat' dir='ltr'>eum</span> <span class='ocrx_word' id='word_1_72' title='bbox 220 1517 352 1575; x_wconf 87' lang='lat' dir='ltr'>militum</span> <span class='ocrx_word' id='word_1_73' title='bbox 374 1537 545 1588; x_wconf 90' lang='lat' dir='ltr'>numerum,</span> <span class='ocrx_word' id='word_1_74' title='bbox 559 1521 610 1594; x_wconf 94' lang='lat' dir='ltr'>qui</span> <span class='ocrx_word' id='word_1_75' title='bbox 625 1524 660 1573; x_wconf 88' lang='lat' dir='ltr'>ut</span> <span class='ocrx_word' id='word_1_76' title='bbox 674 1516 797 1573; x_wconf 87' lang='lat' dir='ltr'>daretur</span> <span class='ocrx_word' id='word_1_77' title='bbox 811 1515 866 1587; x_wconf 88' lang='lat' dir='ltr'>illi,</span> <span class='ocrx_word' id='word_1_78' title='bbox 881 1517 1038 1574; x_wconf 82' lang='lat' dir='ltr'>mandatis</span> <span class='ocrx_word' id='word_1_79' title='bbox 1064 1511 1065 1542; x_wconf 61' lang='lat'>³</span> 
     </span>
     <span class='ocr_line' id='line_1_14' title="bbox 127 1615 1037 1692; baseline 0.001 -22"><span class='ocrx_word' id='word_1_80' title='bbox 127 1617 203 1672; x_wconf 90' lang='lat' dir='ltr'>meis</span> <span class='ocrx_word' id='word_1_81' title='bbox 226 1615 400 1692; x_wconf 87' lang='lat' dir='ltr'>complexus</span> <span class='ocrx_word' id='word_1_82' title='bbox 429 1636 503 1674; x_wconf 88' lang='lat' dir='ltr'>sum.</span> <span class='ocrx_word' id='word_1_83' title='bbox 547 1615 602 1672; x_wconf 93' lang='lat' dir='ltr'>Cui</span> <span class='ocrx_word' id='word_1_84' title='bbox 626 1634 703 1692; x_wconf 87' lang='lat' dir='ltr'>quae</span> <span class='ocrx_word' id='word_1_85' title='bbox 733 1615 974 1691; x_wconf 86' lang='lat' dir='ltr'>rescripsissem‚¹</span> <span class='ocrx_word' id='word_1_86' title='bbox 1002 1624 1037 1672; x_wconf 92' lang='lat' dir='ltr'>ut</span> 
     </span>
     <span class='ocr_line' id='line_1_15' title="bbox 128 1712 1065 1786; baseline 0.001 -17"><span class='ocrx_word' id='word_1_87' title='bbox 128 1720 235 1770; x_wconf 88' lang='lat' dir='ltr'>notum</span> <span class='ocrx_word' id='word_1_88' title='bbox 263 1713 400 1784; x_wconf 72' lang='lat' dir='ltr'>haberes</span> <span class='ocrx_word' id='word_1_89' title='bbox 429 1713 476 1771; x_wconf 92' lang='lat' dir='ltr'>his</span> <span class='ocrx_word' id='word_1_90' title='bbox 504 1713 615 1771; x_wconf 88' lang='lat' dir='ltr'>litteris</span> <span class='ocrx_word' id='word_1_91' title='bbox 642 1713 738 1769; x_wconf 90' lang='lat' dir='ltr'>subici</span> <span class='ocrx_word' id='word_1_92' title='bbox 765 1715 845 1770; x_wconf 89' lang='lat' dir='ltr'>iussi.</span> <span class='ocrx_word' id='word_1_93' title='bbox 898 1712 1034 1771; x_wconf 85' lang='lat' dir='ltr'>Multum</span> <span class='ocrx_word' id='word_1_94' title='bbox 1064 1747 1065 1786; x_wconf 42' lang='lat' dir='ltr'>p</span> 
     </span>
     <span class='ocr_line' id='line_1_16' title="bbox 128 1811 1065 1889; baseline 0 -19"><span class='ocrx_word' id='word_1_95' title='bbox 128 1818 267 1884; x_wconf 87' lang='lat' dir='ltr'>interest,</span> <span class='ocrx_word' id='word_1_96' title='bbox 298 1833 346 1870; x_wconf 89' lang='lat' dir='ltr'>res</span> <span class='ocrx_word' id='word_1_97' title='bbox 378 1821 482 1889; x_wconf 82' lang='lat' dir='ltr'>poscat</span> <span class='ocrx_word' id='word_1_98' title='bbox 513 1833 553 1870; x_wconf 82' lang='lat' dir='ltr'>an</span> <span class='ocrx_word' id='word_1_99' title='bbox 583 1811 723 1868; x_wconf 89' lang='lat' dir='ltr'>homines</span> <span class='ocrx_word' id='word_1_100' title='bbox 757 1815 907 1888; x_wconf 82' lang='lat' dir='ltr'>imperare</span> <span class='ocrx_word' id='word_1_101' title='bbox 942 1811 1033 1870; x_wconf 81' lang='lat' dir='ltr'>latius</span> <span class='ocrx_word' id='word_1_102' title='bbox 1064 1847 1065 1854; x_wconf 26' lang='grc' dir='ltr'><strong>κ</strong></span> 
     </span>
     <span class='ocr_line' id='line_1_17' title="bbox 128 1909 1065 1987; baseline 0.002 -19"><span class='ocrx_word' id='word_1_103' title='bbox 128 1911 247 1969; x_wconf 75' lang='lat' dir='ltr'>velint.2</span> <span class='ocrx_word' id='word_1_104' title='bbox 288 1911 383 1969; x_wconf 92' lang='lat' dir='ltr'>Nobis</span> <span class='ocrx_word' id='word_1_105' title='bbox 397 1919 501 1969; x_wconf 83' lang='lat' dir='ltr'>autem</span> <span class='ocrx_word' id='word_1_106' title='bbox 519 1909 634 1968; x_wconf 84' lang='lat' dir='ltr'>utilitas</span> <span class='ocrx_word' id='word_1_107' title='bbox 652 1909 775 1966; x_wconf 90' lang='lat' dir='ltr'>demum</span> <span class='ocrx_word' id='word_1_108' title='bbox 791 1909 958 1987; x_wconf 76' lang='lat' dir='ltr'>spectanda</span> <span class='ocrx_word' id='word_1_109' title='bbox 976 1920 1033 1982; x_wconf 83' lang='lat' dir='ltr'>est,</span> <span class='ocrx_word' id='word_1_110' title='bbox 1064 1919 1065 1940; x_wconf 67' lang='lat'>¹</span> 
     </span>
     <span class='ocr_line' id='line_1_18' title="bbox 127 2008 1032 2087; baseline -0.003 -18"><span class='ocrx_word' id='word_1_111' title='bbox 127 2018 169 2081; x_wconf 87' lang='lat' dir='ltr'>et,</span> <span class='ocrx_word' id='word_1_112' title='bbox 194 2016 343 2087; x_wconf 86' lang='lat' dir='ltr'>quantum</span> <span class='ocrx_word' id='word_1_113' title='bbox 370 2009 433 2067; x_wconf 85' lang='lat' dir='ltr'>fieri</span> <span class='ocrx_word' id='word_1_114' title='bbox 461 2017 574 2086; x_wconf 85' lang='lat' dir='ltr'>potest,</span> <span class='ocrx_word' id='word_1_115' title='bbox 602 2008 779 2081; x_wconf 83' lang='lat' dir='ltr'>curandum,</span> <span class='ocrx_word' id='word_1_116' title='bbox 807 2029 846 2067; x_wconf 90' lang='lat' dir='ltr'>ne</span> <span class='ocrx_word' id='word_1_117' title='bbox 874 2011 988 2069; x_wconf 89' lang='lat' dir='ltr'>milites</span> <span class='ocrx_word' id='word_1_118' title='bbox 1015 2032 1032 2066; x_wconf 85' lang='lat' dir='ltr'><strong>a</strong></span> 
     </span>
     <span class='ocr_line' id='line_1_19' title="bbox 127 2108 344 2185; baseline -0.005 -19"><span class='ocrx_word' id='word_1_119' title='bbox 127 2112 221 2185; x_wconf 85' lang='lat' dir='ltr'>signis</span> <span class='ocrx_word' id='word_1_120' title='bbox 235 2108 344 2167; x_wconf 86' lang='lat' dir='ltr'>absint.</span> 
     </span>
    </p>
   </div>
   <div class='ocr_carea' id='block_1_6' title="bbox 522 2371 632 2429">
    <p class='ocr_par' dir='ltr' id='par_1_6' title="bbox 522 2371 632 2429">
     <span class='ocr_line' id='line_1_20' title="bbox 522 2371 632 2429; baseline -0.009 -1"><span class='ocrx_word' id='word_1_121' title='bbox 522 2371 632 2429; x_wconf 93' lang='lat' dir='ltr'>XXIII</span> 
     </span>
    </p>
   </div>
   <div class='ocr_carea' id='block_1_7' title="bbox 306 2489 856 2549">
    <p class='ocr_par' dir='ltr' id='par_1_7' title="bbox 306 2489 856 2549">
     <span class='ocr_line' id='line_1_21' title="bbox 306 2489 856 2549; baseline -0.005 0"><span class='ocrx_word' id='word_1_122' title='bbox 306 2489 339 2549; x_wconf 81' lang='lat' dir='ltr'>O.</span> <span class='ocrx_word' id='word_1_123' title='bbox 365 2491 485 2548; x_wconf 80' lang='lat' dir='ltr'>Pnuuus</span> <span class='ocrx_word' id='word_1_124' title='bbox 506 2490 644 2548; x_wconf 72' lang='lat' dir='ltr'>Tnsrsuo</span> <span class='ocrx_word' id='word_1_125' title='bbox 667 2489 856 2548; x_wconf 79' lang='lat' dir='ltr'>Iurnnrronr</span> 
     </span>
    </p>
   </div>
   <div class='ocr_carea' id='block_1_8' title="bbox 129 2609 1065 2794">
    <p class='ocr_par' dir='ltr' id='par_1_8' title="bbox 129 2609 1065 2794">
     <span class='ocr_line' id='line_1_22' title="bbox 170 2609 1028 2684; baseline 0.003 -15"><span class='ocrx_word' id='word_1_126' title='bbox 170 2613 347 2684; x_wconf 81' lang='lat' dir='ltr'>Pnusnusns,</span> <span class='ocrx_word' id='word_1_127' title='bbox 361 2611 494 2683; x_wconf 91' lang='lat' dir='ltr'>domine,</span> <span class='ocrx_word' id='word_1_128' title='bbox 508 2611 662 2669; x_wconf 78' lang='lat' dir='ltr'>ballneum</span> <span class='ocrx_word' id='word_1_129' title='bbox 683 2609 800 2668; x_wconf 88' lang='lat' dir='ltr'>habent</span> <span class='ocrx_word' id='word_1_130' title='bbox 820 2618 853 2667; x_wconf 88' lang='lat' dir='ltr'>et</span> <span class='ocrx_word' id='word_1_131' title='bbox 877 2610 1028 2672; x_wconf 87' lang='lat' dir='ltr'>sordidum</span> 
     </span>
     <span class='ocr_line' id='line_1_23' title="bbox 129 2709 1065 2794; baseline 0.002 -26"><span class='ocrx_word' id='word_1_132' title='bbox 129 2720 162 2768; x_wconf 88' lang='lat' dir='ltr'>et</span> <span class='ocrx_word' id='word_1_133' title='bbox 195 2719 291 2768; x_wconf 87' lang='lat' dir='ltr'>vetus.</span> <span class='ocrx_word' id='word_1_134' title='bbox 349 2710 385 2767; x_wconf 91' lang='lat' dir='ltr'>ld</span> <span class='ocrx_word' id='word_1_135' title='bbox 420 2714 523 2786; x_wconf 75' lang='lat' dir='ltr'>Itaque</span> <span class='ocrx_word' id='word_1_136' title='bbox 559 2709 752 2786; x_wconf 85' lang='lat' dir='ltr'>indulgentia</span> <span class='ocrx_word' id='word_1_137' title='bbox 786 2716 840 2766; x_wconf 88' lang='lat' dir='ltr'>tua</span> <span class='ocrx_word' id='word_1_138' title='bbox 870 2714 1028 2770; x_wconf 72' lang='lat' dir='ltr'>resutuere</span> <span class='ocrx_word' id='word_1_139' title='bbox 1064 2735 1065 2794; x_wconf 68' lang='lat' dir='ltr'>l</span> 
     </span>
    </p>
   </div>
   <div class='ocr_carea' id='block_1_9' title="bbox 127 2813 1065 3106">
    <p class='ocr_par' dir='ltr' id='par_1_9' title="bbox 160 2813 1065 2878">
     <span class='ocr_line' id='line_1_24' title="bbox 160 2813 1065 2878; baseline 0.002 -13"><span class='ocrx_word' id='word_1_140' title='bbox 160 2815 169 2845; x_wconf 83' lang='lat'>¹</span> <span class='ocrx_word' id='word_1_141' title='bbox 187 2815 236 2865; x_wconf 81' lang='lat' dir='ltr'>Oui</span> <span class='ocrx_word' id='word_1_142' title='bbox 243 2831 311 2876; x_wconf 80' lang='lat' dir='ltr'>quse</span> <span class='ocrx_word' id='word_1_143' title='bbox 320 2815 511 2878; x_wconf 80' lang='lat' dir='ltr'>rescripsissem</span> <span class='ocrx_word' id='word_1_144' title='bbox 521 2814 553 2871; x_wconf 89' lang='lat' dir='ltr'>K,</span> <span class='ocrx_word' id='word_1_145' title='bbox 560 2813 625 2878; x_wconf 91' lang='lat' dir='ltr'>quid</span> <span class='ocrx_word' id='word_1_146' title='bbox 634 2815 740 2878; x_wconf 72' lang='lat' dir='ltr'>quaeris</span> <span class='ocrx_word' id='word_1_147' title='bbox 749 2815 883 2878; x_wconf 78' lang='lat' dir='ltr'>scripsisse</span> <span class='ocrx_word' id='word_1_148' title='bbox 891 2819 948 2864; x_wconf 76' lang='lat' dir='ltr'>me?</span> <span class='ocrx_word' id='word_1_149' title='bbox 958 2833 982 2876; x_wconf 87' lang='lat' dir='ltr'>a,</span> <span class='ocrx_word' id='word_1_150' title='bbox 993 2819 1024 2868; x_wconf 89' lang='lat' dir='ltr'>B.</span> <span class='ocrx_word' id='word_1_151' title='bbox 1064 2825 1065 2878; x_wconf 71' lang='lat' dir='ltr'>l</span> 
     </span>
    </p>

    <p class='ocr_par' dir='ltr' id='par_1_10' title="bbox 127 2879 1065 3106">
     <span class='ocr_line' id='line_1_25' title="bbox 159 2879 1065 2944; baseline 0.006 -16"><span class='ocrx_word' id='word_1_152' title='bbox 159 2879 171 2908; x_wconf 73' lang='lat'>²</span> <span class='ocrx_word' id='word_1_153' title='bbox 186 2895 229 2928; x_wconf 87' lang='lat' dir='ltr'>res</span> <span class='ocrx_word' id='word_1_154' title='bbox 245 2891 337 2942; x_wconf 77' lang='lat' dir='ltr'>poscet</span> <span class='ocrx_word' id='word_1_155' title='bbox 353 2895 388 2928; x_wconf 82' lang='lat' dir='ltr'>en</span> <span class='ocrx_word' id='word_1_156' title='bbox 406 2879 524 2928; x_wconf 88' lang='lat' dir='ltr'>homines</span> <span class='ocrx_word' id='word_1_157' title='bbox 539 2880 669 2944; x_wconf 76' lang='lat' dir='ltr'>imperare</span> <span class='ocrx_word' id='word_1_158' title='bbox 683 2880 765 2929; x_wconf 79' lang='lat' dir='ltr'>Istius</span> <span class='ocrx_word' id='word_1_159' title='bbox 782 2879 868 2929; x_wconf 84' lang='lat' dir='ltr'>velint</span> <span class='ocrx_word' id='word_1_160' title='bbox 886 2879 985 2943; x_wconf 72' lang='lat' dir='ltr'>Oeten,</span> <span class='ocrx_word' id='word_1_161' title='bbox 999 2889 1026 2933; x_wconf 83' lang='lat' dir='ltr'>te</span> <span class='ocrx_word' id='word_1_162' title='bbox 1064 2879 1065 2882; x_wconf 50' lang='lat'>&#39;</span> 
     </span>
     <span class='ocr_line' id='line_1_26' title="bbox 127 2944 1023 3010; baseline 0.007 -18"><span class='ocrx_word' id='word_1_163' title='bbox 127 2949 219 3008; x_wconf 82' lang='lat' dir='ltr'>poscet</span> <span class='ocrx_word' id='word_1_164' title='bbox 231 2960 265 2993; x_wconf 78' lang='lat' dir='ltr'>en</span> <span class='ocrx_word' id='word_1_165' title='bbox 276 2944 394 2993; x_wconf 89' lang='lat' dir='ltr'>homines</span> <span class='ocrx_word' id='word_1_166' title='bbox 406 2945 434 2992; x_wconf 91' lang='lat' dir='ltr'>in</span> <span class='ocrx_word' id='word_1_167' title='bbox 445 2960 474 2992; x_wconf 90' lang='lat' dir='ltr'>se</span> <span class='ocrx_word' id='word_1_168' title='bbox 489 2949 520 2994; x_wconf 79' lang='lat' dir='ltr'>ut</span> <span class='ocrx_word' id='word_1_169' title='bbox 536 2944 616 2994; x_wconf 77' lang='lat' dir='ltr'>letius</span> <span class='ocrx_word' id='word_1_170' title='bbox 628 2945 713 2994; x_wconf 81' lang='lat' dir='ltr'>velint</span> <span class='ocrx_word' id='word_1_171' title='bbox 724 2961 751 3005; x_wconf 83' lang='lat' dir='ltr'>a,</span> <span class='ocrx_word' id='word_1_172' title='bbox 761 2944 793 3005; x_wconf 88' lang='lat' dir='ltr'>B,</span> <span class='ocrx_word' id='word_1_173' title='bbox 803 2950 909 3009; x_wconf 81' lang='lat' dir='ltr'>tempus</span> <span class='ocrx_word' id='word_1_174' title='bbox 919 2961 944 3010; x_wconf 89' lang='lat' dir='ltr'>p.</span> <span class='ocrx_word' id='word_1_175' title='bbox 954 2963 986 2996; x_wconf 81' lang='lat' dir='ltr'>su</span> <span class='ocrx_word' id='word_1_176' title='bbox 998 2949 1023 2999; x_wconf 90' lang='lat' dir='ltr'>h.</span> 
     </span>
     <span class='ocr_line' id='line_1_27' title="bbox 128 3007 1065 3106; baseline 0.003 -50"><span class='ocrx_word' id='word_1_177' title='bbox 128 3010 185 3057; x_wconf 88' lang='lat' dir='ltr'>iure</span> <span class='ocrx_word' id='word_1_178' title='bbox 196 3009 238 3057; x_wconf 85' lang='lat' dir='ltr'>uti</span> <span class='ocrx_word' id='word_1_179' title='bbox 249 3009 267 3057; x_wconf 93' lang='lat' dir='ltr'>l.</span> <span class='ocrx_word' id='word_1_180' title='bbox 281 3024 305 3058; x_wconf 88' lang='lat' dir='ltr'>v.</span> <span class='ocrx_word' id='word_1_181' title='bbox 322 3007 398 3058; x_wconf 82' lang='lat' dir='ltr'>Orell.</span> <span class='ocrx_word' id='word_1_182' title='bbox 1064 3013 1065 3106; x_wconf 40' lang='lat' dir='ltr'>p</span> 
     </span>
    </p>
   </div>
   <div class='ocr_carea' id='block_1_10' title="bbox 130 3120 189 3176">
    <p class='ocr_par' dir='ltr' id='par_1_11' title="bbox 130 3120 189 3176">
     <span class='ocr_line' id='line_1_28' title="bbox 130 3120 189 3176; baseline -0.068 0"><span class='ocrx_word' id='word_1_183' title='bbox 130 3120 189 3176; x_wconf 82' lang='lat'>304</span> 
     </span>
    </p>
   </div>
   <div class='ocr_carea' id='block_1_11' title="bbox 0 0 1085 3438">
    <p class='ocr_par' dir='ltr' id='par_1_12' title="bbox 0 0 1085 3438">
     <span class='ocr_line' id='line_1_29' title="bbox 0 0 1085 3438; baseline 0 0"><span class='ocrx_word' id='word_1_184' title='bbox 0 0 1085 3438; x_wconf 95' lang='lat' dir='ltr'> </span> 
     </span>
    </p>
   </div>
  </div>
 </body>
</html>
