2114 3440
296 166 385 226 THE
414 166 597 226 LETTERS
626 167 681 224 OF
711 165 837 223 PLINY
1049 201 1050 292 q

114 328 225 386 dicturi
246 327 359 404 aliquid
381 335 434 384 aut
454 327 563 384 lecturi
584 330 737 396 timemus,
758 328 809 401 qui
837 323 940 380 studia
971 301 1050 386 sua}

115 411 274 502 proferunt
286 445 293 494 ;
314 446 382 482 curn
398 425 452 497 illi,
466 429 517 502 qui
526 432 641 494 tacent,
649 423 707 479 hoc
718 422 846 498 amplius
854 431 1043 498 praestent,

116 523 196 601 quod
210 529 374 581 maximum
397 542 472 599 opus
495 521 615 579 silentio
640 528 825 579 reverentur.
870 520 1050 596 Expertus¹

116 624 222 694 scrib0,
237 623 318 701 qnod
333 624 438 680 scribo.

156 721 317 779 Terentius
333 720 436 778 Iunior
460 720 651 797 equestribus
673 718 789 776 militiis
814 725 907 794 atque
930 723 1050 780 etiam:

116 823 326 894 procuratione
370 819 574 876 Narbonensis
615 821 787 895 provinciae
826 821 1042 893 integerrime

115 915 238 974 functus
252 921 369 993 recepit
382 937 414 974 se
429 921 461 972 in
482 937 569 994 agros
584 936 652 974 suos
666 919 837 992 paratisque
859 914 1050 974 honoribus*

116 1016 395 1093 tranquillissimum
404 1019 500 1073 otium
510 1014 663 1092 praetulit.
708 1014 801 1071 Hune
813 1033 870 1091 ego
879 1017 1042 1072 invitatus

117 1112 247 1189 hospitio
275 1121 310 1171 ut
337 1116 450 1171 bonum
479 1122 598 1190 patrem
620 1113 762 1184 familiae,
784 1119 820 1169 ut
841 1111 1040 1188 diligentem

116 1211 276 1288 agricolam
291 1214 432 1270 intuebar
450 1212 489 1268 de
510 1211 556 1269 his
580 1212 745 1282 locuturus,
759 1215 791 1268 in
815 1211 925 1288 quibus
939 1211 1040 1270 illum

116 1315 227 1368 versari
241 1313 403 1387 putabam;
425 1319 457 1368 et
472 1329 640 1386 coeperam,
650 1330 719 1367 eum
728 1309 780 1366 ille
789 1329 838 1366 me
848 1309 1039 1367 doctissimo

117 1425 255 1462 sermone
283 1409 434 1462 revocavit
461 1404 500 1462 ad
528 1404 635 1462 studia.
680 1403 780 1475 Quam
808 1411 886 1461 tersa
913 1409 1039 1476 omnia,

117 1519 205 1575 quarn
230 1498 348 1568 Latina,
363 1517 453 1575 quam
476 1497 608 1556 Graeca!
652 1497 731 1554 Nam
752 1505 874 1556 tantum
895 1506 1038 1576 utraque

116 1592 221 1668 lingua
235 1590 325 1662 valet,
340 1599 375 1649 ut
390 1612 425 1649 ea
439 1597 534 1669 magis
556 1592 695 1650 videatur
709 1590 870 1661 excellere,
881 1611 942 1668 qua
957 1612 1035 1649 eum

117 1691 246 1743 maxime
258 1686 398 1763 loquitur.
434 1686 592 1758 Quantum
600 1686 651 1743 ille
660 1685 745 1762 legit,
758 1694 907 1763 quantum
916 1694 1016 1743 tenet
1027 1687 1033 1742 i

118 1779 249 1838 Athenis
263 1784 364 1838 vivere
378 1780 543 1851 hominem,
556 1799 618 1836 non
632 1784 664 1836 in
677 1779 748 1836 villa
762 1787 859 1856 putes

159 1874 240 1946 Quid
255 1873 371 1932 multa?
392 1878 477 1932 auxit
490 1873 725 1932 sollicitudinem
739 1893 838 1931 meam
853 1873 1033 1951 effecitque,

118 1976 152 2024 nt
166 1966 234 2038 illis,
250 1987 324 2044 quos
338 1967 526 2026 doctissimos
541 1971 620 2038 novi,
629 1986 691 2022 non
705 1971 804 2024 minus
815 1966 870 2024 hos
882 1966 1032 2026 seductos

118 2071 152 2120 et
172 2066 256 2139 quasi
283 2067 409 2120 rusticos
437 2081 548 2120 verear.
593 2061 679 2118 idern
702 2061 814 2119 suadeo
837 2063 901 2119 tibi.
947 2061 1033 2121 Sunt

118 2162 211 2230 enim,
224 2167 259 2216 ut
274 2162 424 2216 incastris
439 2162 481 2215 sie
495 2161 587 2214 etiam
608 2161 639 2213 in
660 2155 770 2214 litteris
792 2160 902 2213 nostris
923 2155 1032 2232 plures

119 2252 202 2309 cultu
230 2271 358 2329 pagano,
383 2271 457 2328 quos
486 2255 601 2307 cinctos
629 2257 662 2306 et
684 2258 815 2307 armatos
843 2258 876 2306 et
900 2249 1031 2326 quidem

118 2346 328 2403 ardentissimo
342 2349 466 2421 ingenio
486 2344 684 2421 diligentius¹
707 2352 857 2402 scrutatus
878 2349 1029 2404 invenies.

119 2440 201 2497 Vale.

152 2561 160 2592 ¹
177 2560 332 2626 diligentius
344 2561 426 2623 Πρω,
441 2560 547 2624 Biporw,
563 2561 629 2621 Otto,
639 2561 747 2621 Mulier,
759 2561 902 2642 diligenter
913 2563 947 2610 M
949 2579 972 2622 r,
989 2565 1025 2618 K.

152 2687 165 2710 ⁰
181 2678 221 2729 On
233 2679 336 2742 joining
352 2678 399 2728 the
415 2695 499 2743 army,
512 2678 641 2728 members
658 2678 686 2728 oi
702 2679 750 2728 the
768 2679 929 2744 Equestrian
947 2681 1027 2732 order

119 2743 236 2802 entered,
252 2744 366 2792 without
378 2745 485 2809 passing
503 2744 618 2820 through
636 2744 683 2794 the
700 2744 768 2794 rank
786 2745 813 2794 of
830 2746 976 2805 eenturiou‚
991 2765 1026 2796 on

120 2809 193 2857 what
202 2824 256 2856 was
268 2807 352 2857 called
364 2809 410 2858 the
422 2816 546 2872 equestres
554 2809 672 2870 malitiae,
682 2809 711 2858 oi
722 2810 808 2860 which
821 2811 867 2860 the
879 2813 1025 2862 successive

120 2873 213 2937 gredm
237 2889 305 2922 were
327 2875 364 2934 (l)
380 2875 547 2937 praefectura
569 2875 688 2936 cohortis,
714 2876 751 2939 (2)
765 2875 932 2939 praefectura
955 2877 1022 2937 alae,

121 2937 266 2987 tribunatus
288 2938 401 3001 cariata.
438 2939 567 3004 (Hardy.)

122 3120 161 3206 {4
