2148 3440
343 188 431 248 THE
459 188 643 248 LETTERS
671 189 726 249 OF
755 187 882 246 PLINY

158 357 241 406 mata
255 358 288 406 et
302 348 415 405 habere
429 353 579 424 propriam
601 348 727 424 figuram
746 366 921 424 numenque
943 347 1023 424 aliqu

158 494 248 562 putes
272 506 311 541 an
333 489 434 542 inania
458 493 491 542 et
514 505 590 541 vana
612 503 649 540 ex
673 493 757 542 metu
781 492 885 541 nostro
900 488 1052 644 imagineq

157 627 303 699 accipere.
1049 653 1052 720 l

198 760 265 836 Ego
287 767 321 817 ut
349 779 414 816 esse
442 759 575 829 credam,
598 763 630 814 in
659 762 763 834 primis
791 778 828 815 eo
855 757 959 828 ducor,
985 736 1053 834 quob

157 895 248 953 audio
261 896 405 954 accidisse
420 895 524 952 Curtio
540 894 625 952 Rufo
669 895 782 952 Tenuis
802 894 902 952 adhuc
917 901 950 952 et
964 896 1053 960 obscd

158 1054 208 1091 rus
222 1034 375 1090 obtinenti
389 1031 524 1089 Africam
538 1051 639 1088 comes
661 1032 808 1090 haeserat.
852 1031 1003 1088 Inclinato
1016 1032 1054 1112 dir

159 1175 345 1249 spatiabatur
369 1178 400 1229 in
429 1176 567 1249 porticu;
588 1173 713 1230 offertur
741 1177 769 1230 ei
804 1173 938 1229 mulieris
973 1173 1054 1248 figura

160 1307 292 1364 humana
320 1306 463 1382 grandior
488 1305 721 1382 pulchriorque:
743 1270 906 1382 perterrito
933 1304 1055 1362 African

160 1463 191 1501 se
203 1444 373 1500 futurorum
383 1446 596 1519 praenuntiam
607 1442 684 1499 dixit
696 1461 703 1510 ;
724 1446 837 1500 iturum
849 1447 931 1499 enim
942 1443 1056 1520 Romam

161 1581 350 1656 honoresque
384 1588 542 1656 gesturum
584 1588 676 1656 atque
719 1585 811 1637 etiam
840 1600 909 1636 cum
952 1597 1056 1636 summu

161 1717 288 1790 imperio
316 1717 347 1769 in
376 1713 504 1770 eandem
534 1717 719 1789 provinciam
747 1732 937 1770 reversurum
966 1715 1057 1789 ibique

161 1851 348 1903 moriturum.
395 1845 485 1903 Facta
499 1849 688 1902 suntomnia.
735 1845 895 1903 Praeterea
908 1845 1057 1903 accedenti

162 1963 388 2055 Carthaginem¹
405 1978 637 2055 egredientique
665 1999 742 2036 nave
771 1980 879 2038 eadem
908 1980 1001 2057 ligura
1033 1983 1057 2033 in

162 2112 250 2169 litore
262 2116 424 2168 occurrisse
434 2119 579 2170 narratur.
617 2110 686 2187 lpse
697 2120 781 2170 certe
789 2112 954 2189 implicitus
965 2113 1057 2170 morbu

163 2246 264 2303 futura
289 2248 470 2321 praeteritis„
484 2243 609 2301 adversa
631 2245 772 2302 secundis
787 2254 959 2322 ,auguratus
984 2263 1057 2322 spem

162 2376 267 2435 salutis
281 2376 365 2434 nullo
379 2395 500 2434 suorum
513 2374 696 2452 desperante
711 2381 845 2453 proiecit.

205 2511 269 2567 lam
283 2509 359 2565 illud
380 2528 483 2566 nonne
498 2517 530 2567 et
553 2514 648 2586 magis
672 2509 809 2568 terribile
832 2519 865 2569 et
886 2532 948 2568 non
970 2517 1057 2572 miuus

163 2647 272 2699 mirum
287 2649 344 2714 est,
358 2641 438 2718 quod
453 2661 612 2718 exponam,
626 2649 662 2700 ut
679 2645 806 2720 accepi?
848 2643 923 2702 Erat
936 2645 1057 2703 Athenis

197 2858 209 2880 ⁰
227 2848 291 2897 This
308 2853 382 2912 story
400 2849 422 2897 ia
439 2848 558 2897 likewise
578 2848 680 2898 related
699 2848 734 2913 by
752 2849 861 2899 Tacitus
878 2850 949 2901 Anu.
971 2852 1004 2900 xi.
1023 2851 1053 2898 21.

163 2913 326 3027 (Mhelfflgian
347 2978 524 3040 (Philopaeud.
544 2979 586 3037 29)
607 2979 730 3028 ridiculos
750 2996 766 3028 a
785 2985 859 3046 story
878 2985 971 3047 pretty
990 2979 1055 3030 much

164 3042 323 3107 resembling
334 3043 397 3103 this,
411 3043 460 3092 but
471 3043 530 3108 lays
541 3044 587 3092 the
600 3060 675 3093 scene
687 3044 715 3094 ol
726 3047 749 3094 it
761 3047 788 3094 in
799 3044 919 3096 Corinth.
952 3047 1054 3108 (Mela-l

165 3139 202 3192 68
