2158 3436
332 195 420 255 THE
452 195 632 257 LETTERS
662 199 716 257 OF
746 197 872 258 PLINY

567 419 640 475 XIV

376 551 406 608 C.
425 551 546 608 Primus
560 551 708 609 Anrsrom
724 551 785 610 Suo
801 551 830 608 S.

193 683 261 740 Curu
276 688 315 741 sis
324 688 521 759 peritissimus
536 692 568 742 et
582 688 691 760 privati
702 689 774 742 iuris
789 692 821 741 et
835 684 960 761 publici,
975 688 1066 758 cuius1

152 809 224 868 pars
236 795 420 848 senatorium
435 799 491 861 est,
506 795 595 866 cupio
620 811 658 848 ex
680 799 713 848 te
738 795 928 868 potissimum
942 791 1066 864 audire}

153 902 313 956 erraverim
328 903 359 954 in
382 905 490 955 senatu
510 903 646 974 proxime
661 918 768 968 necne,
783 918 845 954 uon
866 905 901 955 ut
922 902 954 953 in
978 901 1066 978 prael

152 1010 278 1064 teritum
294 1007 405 1081 (serum
427 1003 522 1084 enim)
543 1025 647 1063 verum
669 1013 704 1062 ut
724 1009 757 1062 in
777 1005 924 1074 futurum,
939 1009 965 1061 si
987 1003 1066 1088 quid}

153 1112 250 1169 simile
270 1112 420 1182 inciderit,
441 1112 568 1170 erudiar.

195 1219 304 1276 Dices:
327 1220 404 1276 ‘Cur
418 1223 546 1296 quaeris,
560 1219 641 1303 quod
656 1239 743 1277 nosse
766 1219 899 1278 debebas
909 1219 937 1275 ?'
999 1219 1058 1275 Pri-

153 1348 238 1385 orum
274 1335 447 1403 temporum
483 1331 610 1384 servitus
649 1334 683 1384 ut
719 1326 844 1383 aliarum
876 1331 1066 1403 optimarum

153 1438 263 1491 artium
288 1438 329 1490 sic
353 1409 445 1490 etiam
459 1433 532 1491 iuris
546 1438 689 1491 senatorii
710 1434 892 1492 oblivionem
906 1433 1066 1510 quandam*

154 1549 186 1597 et
207 1543 408 1615 ignorantiam
426 1539 554 1597 induxit.
599 1540 718 1611 Quotus
740 1544 821 1598 enim
843 1545 971 1617 quisque
997 1549 1058 1596 tani

153 1652 282 1724 patiens
302 1655 337 1704 ut
359 1647 433 1705 velit
452 1647 578 1718 discere,
596 1648 677 1725 quod
700 1653 732 1705 in
753 1667 809 1705 usu
830 1669 891 1704 non
913 1652 953 1705 sit
975 1647 1058 1703 habi-

154 1757 260 1812 turus?
302 1754 401 1824 Adde,
430 1754 510 1832 quod
538 1754 658 1811 difficile
686 1763 734 1812 est
760 1762 877 1825 tenere,
905 1774 984 1831 quae
999 1773 1057 1826 'ac-

153 1865 279 1938 ceperis,
315 1865 371 1917 nisi
407 1880 555 1918 exerceas.
621 1860 728 1938 Itaque
768 1860 894 1918 reducta
935 1861 1066 1918 libertas}

153 1968 243 2025 rudes
264 1987 319 2024 nos
334 1975 366 2024 et
380 1971 535 2044 imperitos
550 1966 775 2043 depreliendit;
795 1971 879 2024 cuius
896 1966 1057 2024 dulcedine

153 2077 272 2130 accensi
286 2077 421 2149 cogimur
435 2072 583 2149 quaedam
598 2071 697 2129 facere
711 2080 783 2130 ante
798 2093 888 2149 quam
903 2093 1000 2129 nosse.

196 2179 269 2238 Erat
292 2188 395 2238 autern
417 2184 584 2257 antiquitus
597 2184 790 2250 institutum,
805 2187 840 2237 ut
860 2199 877 2235 a
898 2181 1057 2236 maioribus

154 2295 229 2344 natu
243 2307 306 2343 non
329 2288 450 2345 auribus
472 2287 571 2357 mod0,
586 2307 691 2344 verum
715 2290 808 2343 etiam
822 2285 916 2343 oculis
930 2285 1057 2342 discere-

66 2393 73 2408 '
154 2413 230 2463 muS,
246 2413 323 2470 quae
348 2391 487 2450 facienda
510 2415 579 2451 mox
602 2397 659 2470 ipsi
684 2413 718 2449 ac
744 2412 798 2468 per
821 2397 900 2449 vices
914 2393 1056 2469 quasdam

154 2499 304 2556 tradenda
324 2501 488 2557 minoribus
509 2499 696 2558 haberemus.
742 2499 818 2557 Inde
839 2499 1057 2556 adulescentuli

155 2611 259 2665 statim
281 2607 482 2665 castrensibus
505 2607 664 2683 stipendiis
691 2608 916 2679 imbuebantur,
944 2616 980 2665 ut
1009 2613 1057 2665 im-

155 2734 260 2790 perare
282 2714 425 2790 parendo,
441 2714 534 2772 duces
555 2734 655 2790 agere,
670 2715 743 2772 dum
758 2723 936 2793 sequuntur,
951 2716 1055 2773 adsue-

156 2828 287 2889 scerent,
315 2821 386 2878 inde
415 2820 544 2876 honores
578 2825 703 2895 petituri
738 2821 926 2878 adsistebant
960 2828 1055 2880 curiae

319 2995 331 3016 ‘¹
348 2986 419 3033 Tbat
430 2986 458 3034 oi
469 2986 613 3034 Domitian.

321 3051 331 3080 l
348 3049 387 3098 On
400 3050 446 3098 the
458 3051 588 3098 accession
601 3051 629 3099 oi
641 3050 739 3110 Nerva,
753 3053 785 3102 96
797 3067 850 3102 Λευ.

163 3143 217 3197 126
