2114 3440
293 165 382 223 THE
412 165 595 224 LETTERS
624 165 678 224 OF
708 164 834 222 PLINY

108 344 184 400 puer
199 332 231 381 et
251 326 368 380 iuvenis
392 327 488 381 evasit
511 327 591 380 intra
613 331 754 400 quartum
782 331 815 380 et
842 326 1039 380 vicesimum

1052 489 1053 524 l

149 550 233 606 Vixit
246 553 278 605 in
293 550 493 607 contubernio
507 553 590 606 aviae
605 548 754 607 delicatae
769 552 962 606 severissime
990 559 1035 608 et

108 454 221 492 annum
236 439 361 492 maritus
376 442 418 505 et,
433 438 457 491 si
472 434 547 492 deus
561 434 728 505 adnuisset,
741 442 838 511 pater.

106 675 210 724 tamen
238 665 518 741 obsequentissime.
564 663 709 722 Habebat
735 663 787 721 illa
814 667 1035 740 pantomimos

106 781 289 858 fovebatque
305 779 435 851 effusius,
450 799 540 857 quam
554 784 682 857 principi
697 780 829 838 feminae
850 783 1032 840 convenit.1
1052 799 1053 848 ζ

109 896 176 954 Hos
192 895 365 966 Quadratus
380 899 487 952 nonin
508 895 638 966 theatro,
654 915 716 952 non
736 895 818 980 dorni
840 897 1007 972 spectabat
1022 918 1031 966 ;
1052 875 1053 940 l

109 1033 166 1070 nec
195 1011 247 1068 illa
275 1012 425 1088 exigebat.
480 1011 592 1069 Audivi
615 1016 722 1088 ipsam,
749 1032 818 1069 cum
841 1011 916 1069 mihi
939 1033 1029 1070 com-

109 1127 270 1186 mendaret
284 1132 404 1204 nepotis
419 1132 464 1186 sui
478 1128 588 1198 studia,
603 1128 699 1186 solere
721 1147 753 1186 se
767 1136 803 1186 ut
823 1127 969 1186 feminam
985 1132 1025 1184 in

105 1243 157 1301 illo
171 1248 233 1301 otio
247 1263 335 1302 sexus
349 1243 450 1301 laxare
469 1247 604 1300 animum
622 1242 691 1300 lusu
709 1241 902 1314 calculorum,
917 1242 1023 1302 solere

105 1367 242 1436 spectare
270 1363 472 1436 pantomimos
500 1377 588 1426 suos;
609 1357 674 1427 sed,
699 1377 766 1415 cum
795 1356 912 1416 factura
932 1367 1021 1416 esset

104 1475 293 1545 alterutrum,
315 1494 435 1551 semper
457 1493 489 1531 se
514 1477 620 1549 nepoti
634 1491 688 1530 suo
702 1477 900 1549 praecepisse,
915 1475 1019 1533 abiret

105 1590 324 1668 studeretque;
346 1590 427 1667 quod
441 1589 516 1647 mihi
530 1609 592 1646 uon
605 1609 707 1646 amore
723 1593 787 1647 eius
801 1593 897 1666 magis
911 1589 1015 1648 facere

106 1726 196 1784 quam
210 1708 381 1764 reverentia
395 1705 562 1763 videbatur.

146 1821 314 1891 Miraberis
328 1827 361 1877 et
375 1839 433 1897 ego
446 1823 571 1877 miratus
592 1838 666 1876 sum.
711 1818 856 1875 Proximis
878 1820 1012 1877 sacerdo·
1052 1805 1053 1808 Ἴ

103 1935 213 1994 talibus
236 1935 315 1992 ludis
340 1935 494 2011 productis
519 1939 550 1991 in
573 1937 782 1992 commissione
807 1938 1010 2010 pantomimis

103 2070 172 2107 cum
187 2048 275 2107 simul
288 2049 410 2107 theatro
426 2069 483 2126 ego
498 2057 530 2106 et
541 2047 715 2120 Quadratus
727 2047 952 2124 egrederemur,
967 2053 1010 2107 ait

102 2165 177 2224 mihi
190 2187 196 2224 :
220 2164 304 2223 ‘Scis
318 2185 367 2223 me
376 2164 467 2222 hodie
478 2168 609 2241 primum
624 2163 733 2221 vidisse
741 2162 912 2221 saltantem
925 2169 1009 2223 aviae

100 2301 187 2339 meae
205 2280 385 2339 libertum?’
410 2279 479 2337 Hoc
489 2300 591 2357 nepos.
635 2280 679 2338 At
692 2280 815 2338 hercule
835 2280 1008 2338 alienissimi

101 2395 240 2454 homines
255 2400 286 2452 in
300 2395 447 2453 honorem
461 2393 670 2466 Quadratillae
694 2395 804 2473 (pudet
825 2415 874 2454 me
894 2396 1004 2456 dixisse

101 2511 260 2585 honorem)
301 2530 357 2587 per
398 2510 579 2568 adulationis
622 2511 750 2568 officium
785 2515 817 2567 in
851 2511 1004 2570 theatrum

133 2641 142 2674 ¹
159 2644 284 2693 convenit
295 2642 335 2703 M,
351 2642 457 2706 Bipoaa,
473 2643 507 2704 K,
521 2644 675 2693 conveniret
687 2643 787 2708 Dpra,
802 2643 869 2705 Ouo,
883 2645 987 2696 Mulier.

133 2768 146 2790 ⁰
163 2759 212 2810 Sea
225 2760 259 2809 vi.
275 2762 312 2809 ll.

133 2825 143 2855 ⁶
159 2823 216 2873 The
227 2824 285 2874 ludi
296 2829 321 2886 (a
333 2829 401 2875 term
419 2825 506 2874 which
518 2825 642 2876 included
655 2827 824 2887 horso-rocas,
838 2827 998 2890 theatricals,

100 2887 153 2937 and
171 2889 282 2939 athletis
301 2894 399 2951 garrias)
419 2889 556 2940 exhibited
574 2897 603 2940 at
621 2891 722 2942 certain
741 2893 865 2958 religione
883 2893 999 2944 festivals

101 2969 170 3002 were
192 2955 322 3020 severally
345 2955 483 3020 organised
504 2955 540 3020 by
560 2957 607 3006 the
626 2958 731 3006 various
750 2959 863 3023 priestly
883 2959 999 3022 collegas.

102 3019 186 3068 What
197 3021 310 3084 especial
320 3021 379 3071 ludi
390 3021 469 3085 Pliny
485 3021 547 3070 hore
559 3023 641 3072 refers
653 3028 690 3083 to,
704 3024 727 3072 is
738 3023 880 3074 unknown.

101 3113 140 3169 ⁶0
