2162 3438
325 203 414 260 THE
444 201 627 261 LETTERS
656 202 711 260 OF
740 201 866 260 PLINY

140 363 295 440 προγόνους
312 363 505 438 ὑπολαμβάνω
519 363 555 420 τά
568 361 733 437 δικαστήρια
747 365 835 420 ταῦτα
850 359 1050 437 οἰκοδομῆσαι,

142 479 187 538 ἵνα
207 478 270 541 τοὺς
286 478 428 540 τοιούτους
442 479 470 536 ἓν
485 480 578 539 αὐτοῖς
590 475 771 556 μοσχεύητε.1
813 475 948 533 Adhuc:
970 479 1009 534 Εἰ
1029 475 1055 532 δὲ

143 593 268 668 κάπηλός
284 597 344 652 ἔστι
354 592 487 670 πονηρίας
498 591 545 650 καὶ
558 592 773 682 παλιγκάπηλος
789 591 835 650 καὶ
847 587 1056 667 μεταβολεύς-2

143 706 185 764 Et
207 706 291 765 mille
312 706 405 775 talia;
435 713 470 764 ut
494 713 692 782 praeteream,
712 725 790 783 quae
811 705 849 763 ab
871 704 1058 764 Aeschine³

143 822 281 897 θαύματα,
295 837 357 878 non
370 821 491 898 ῥήματα,
505 827 658 878 vocantur.

186 942 222 998 ln
237 947 420 1000 contrarium
435 941 536 999 incidi.
581 941 683 1014 Dices,
697 942 779 1001 hunc
799 963 922 1021 quoque
937 945 980 1002 ab
995 949 1050 1002 isto

127 1040 267 1132 ¹culpari.
312 1057 373 1114 Sed
388 1057 467 1128 vide,
490 1064 604 1134 quanto
628 1047 723 1114 maior
745 1062 795 1128 sit,
809 1063 861 1136 qui
884 1059 1052 1135 reprehen-

145 1173 238 1243 ditur,
252 1176 318 1248 ipso
332 1171 580 1248 reprehendente
592 1190 599 1240 ;
621 1181 654 1231 et
667 1177 761 1230 maior
776 1173 814 1231 ob
826 1173 901 1230 haec
917 1194 1050 1252 quoque.

146 1280 182 1336 ln
197 1280 263 1337 aliis
278 1283 360 1336 enim
375 1284 429 1351 vis,
443 1283 475 1335 in
489 1279 536 1336 his
559 1278 715 1355 granditas
730 1283 794 1338 eius
809 1280 921 1342 elucet.
969 1281 1050 1338 Num

144 1395 247 1444 autem
282 1385 451 1444 Aeschines
485 1389 550 1461 ipse
585 1389 632 1457 iis,
659 1406 737 1464 quae
771 1390 803 1443 in
836 1386 1049 1446 Demosthene

145 1495 298 1570 carpebat,
319 1495 489 1551 abstinuit?
511 1494 576 1569 Χρὴ
596 1494 661 1571 γάρ,
684 1493 706 1552 ὧ
727 1491 823 1570 ἄνδρες
843 1494 999 1569 Ἀθηναῖοι,
1021 1496 1052 1554 τὸ

146 1602 212 1661 αὐτὸ
228 1601 406 1678 φθέγγεσθαι
419 1601 468 1660 τὸν
475 1600 582 1677 ῥήτορα
595 1600 641 1658 καὶ
655 1601 705 1660 τὸν
718 1601 812 1677 νόμον·
836 1599 905 1660 ὅταν
919 1601 943 1660 δ’
954 1602 1051 1678 ἑτέραν

145 1711 197 1785 μὲν
211 1709 307 1785 φωνὴν
321 1709 393 1786 ἀφιῇ
407 1710 423 1767 ὁ
437 1708 530 1784 νόμος,
543 1708 639 1785 ἑτέραν
653 1707 683 1767 δὲ
697 1709 712 1768 ὃ
725 1707 953 1786 finften-&Alio
965 1707 1051 1766 loeo:

140 1823 259 1875 Ἔπειτα
280 1816 463 1892 ἀναφαίνεται
478 1815 543 1894 περὶ
561 1816 672 1876 πάντων
690 1819 720 1874 ἐν
738 1818 777 1894 τῷ
797 1815 963 1892 ψηφίσματι
984 1817 1050 1893 πρὸς

145 1926 184 2002 τῷ
212 1922 351 1998 κλέμματι
370 1923 483 1999 γράψας
509 1924 545 1982 τὰ
565 1922 647 1982 πέντε
671 1922 803 1992 τάλαντα,
827 1922 892 1985 τοὺς
914 1922 1049 2000 πρέσβεις

145 2029 228 2100 ἀξιῶν
248 2029 312 2092 τοὺς
329 2027 456 2105 Ὠρείτας
475 2031 515 2106 μὴ
534 2031 601 2106 ἡμῖν
621 2029 699 2088 ἀλλά
720 2027 837 2107 Καλλίᾳ
855 2026 965 2088 διδόναι.
1008 2030 1049 2089 ὅτι

146 2136 176 2197 δὲ
189 2138 281 2213 ἀληθῆ
302 2136 385 2216 λέγω,
402 2137 517 2213 ἀφελὼν
530 2137 579 2196 τὸν
599 2137 718 2212 κομπόν,
733 2136 780 2195 καὶ
794 2135 844 2198 τάς
862 2136 989 2213 τριήρεις,
1006 2135 1047 2195 καὶ

146 2245 197 2320 τὴν
217 2244 390 2317 ἀλαζονείαν,
407 2247 436 2301 εἰ(
458 2247 508 2304 τοῦ
529 2243 715 2322 ψηφίσματος
735 2242 899 2322 ἀνάγνωθι.6
935 2242 1045 2301 Iterum

146 2349 225 2407 alio:
247 2350 305 2409 Καὶ
324 2352 364 2427 μὴ
386 2355 448 2409 ἔᾶτε
468 2351 552 2410 αύτδν
573 2353 610 2414 εἶς
630 2350 695 2413 τοὺς
711 2354 761 2410 τοῦ
774 2351 935 2428 παρανόμου
948 2353 1047 2430 λόγους

85 2539 86 2543 ¹
147 2445 369 2535 περιίστασθαι.6
398 2457 488 2530 Quod
509 2458 586 2516 adeo
601 2458 749 2535 probavit,
765 2466 801 2516 ut
815 2465 942 2534 repetat,
957 2457 1046 2519 Ἀλλὰ

148 2567 331 2644 ἐγκαθήμενοι
346 2567 392 2625 καὶ
406 2565 591 2643 ἐνεδρεύοντες
612 2570 641 2624 ε’ν
660 2565 696 2642 τῇ
718 2564 856 2643 ἐκκλησίᾳ
876 2567 1045 2626 εἰσελαύνετε

147 2672 231 2732 αῧτὸν
256 2675 294 2735 εἰς
313 2673 378 2736 τοὺς
398 2677 447 2732 τοῦ
467 2673 631 2750 παρανόμου
647 2674 759 2750 λόγους,
781 2671 826 2732 καὶ
846 2671 896 2734 τὰς
916 2675 1045 2750 ἐκτροπὰς

148 2781 233 2838 αύτοῦ
259 2783 314 2838 τῶν
347 2779 442 2857 λόγων
476 2777 651 2856 ἐπιτηρεῖτε.7
700 2778 751 2835 An
785 2779 838 2836 illa
871 2780 1042 2838 custoditius

231 2917 240 2948 ¹
257 2919 331 2967 Dem.
347 2933 407 2967 xxv.
422 2920 461 2969 48.
530 2917 541 2947 ²
558 2918 589 2967 ib.
605 2919 644 2967 46.
714 2918 724 2950 ⁸
742 2919 833 2968 Aesch.
851 2918 913 2968 Ores.
930 2921 980 2974 167.

230 2982 241 3013 ⁴
257 2983 289 3032 ib.
306 2985 342 3033 16.
531 2982 542 3014 ⁵
558 2984 589 3032 ib.
607 2985 661 3033 101.
788 2984 799 3014 ⁸
817 2984 849 3034 ib.
863 2986 918 3034 206.

233 3047 243 3079 ⁷
263 3048 392 3098 Timarch.
409 3048 463 3101 176.

153 3142 210 3216 238
