2150 3444
311 214 400 272 THE
429 214 612 273 LETTERS
641 213 696 274 OF
725 213 852 272 PLINY

128 373 300 451 depositum
329 374 475 450 appellati
502 376 700 451 abnegarent.
758 374 880 446 Quibus
911 377 1061 452 peractis

128 501 241 537 morem
263 482 319 538 sibi
342 479 520 538 discedendi
544 481 635 538 fuisse
657 500 819 557 rursusque
841 483 996 540 coeundi
1022 481 1057 538 ad

127 588 307 664 capiendum
327 589 438 658 cibum,
457 593 659 664 promiscuum
679 596 780 646 tamen
805 595 838 644 et
859 592 1057 646 innoxium:

128 696 208 772 quod
230 700 328 772 ipsum
350 695 450 753 faeere
471 696 596 754 desiisse
617 703 688 771 post
702 694 837 753 edietum
852 714 1057 772 meum,quo

86 806 110 886 8
127 803 294 861 secundum
303 803 447 861 mandata
455 812 509 860 tua
517 804 668 861 hetaerias
677 822 743 860 esse
755 809 930 858 vetueram.
952 780 966 875 i
983 802 1054 873 Quo

127 915 222 986 magis
247 915 448 968 necessarium
472 910 587 967 credidi
611 930 649 966 ex
670 909 786 966 duabus
807 908 946 979 ancillis,
972 930 1050 986 quae

127 1021 283 1074 ministrae
294 1018 484 1087 dicebantur,
499 1017 573 1094 quid
589 1024 670 1074 esset
685 1018 794 1072 veriet
809 1034 866 1090 per
881 1023 1047 1073 tormenti

127 1143 280 1199 quaerere.
336 1123 397 1182 Sed
426 1122 502 1180 nihil
530 1122 612 1179 aliud
635 1126 748 1192 inveni,
772 1141 864 1200 quam
889 1129 1045 1199 supersti-

126 1233 242 1286 tionem
257 1251 388 1307 pravam,
404 1209 623 1312 immodicam]

169 1336 243 1394 ideo
257 1337 351 1395 dilata
365 1341 540 1413 cognitione
554 1336 593 1393 ad
608 1334 827 1392 consulendum
848 1342 882 1392 te
904 1335 1042 1393 decurn'.

63 1443 85 1535 q
127 1444 197 1500 Visa
217 1453 264 1502 est
285 1448 367 1500 enim
389 1443 464 1500 mihi
479 1463 526 1500 res
540 1443 634 1518 digna
655 1442 889 1512 consultatione,
902 1447 1042 1498 maxime

127 1559 252 1627 propter
294 1551 532 1627 periclitantium
574 1569 743 1608 numerum.
809 1547 901 1604 Multi
956 1555 1039 1606 enim

127 1663 223 1715 omnis
244 1662 363 1729 aetatis,
378 1663 475 1716 omnis
496 1658 619 1728 ordiniS,
633 1659 791 1734 utriusque
817 1674 905 1714 sexus
932 1661 1039 1716 etiam.
1063 1615 1064 1665 ¹

126 1773 273 1823 vocantur
287 1769 318 1821 in
333 1765 501 1841 perieulum
523 1772 556 1822 et
577 1765 774 1822 vocabuntur.
813 1762 931 1841 Neque
953 1769 1038 1822 enim

127 1875 264 1929 civitates
298 1880 429 1942 tantum,
466 1872 519 1928 sed
555 1876 635 1928 vicos
675 1875 767 1928 etiam
809 1877 902 1948 atque
947 1891 1036 1948 agros

126 1983 349 2055 superstitionis
378 1984 464 2037 istius
492 1983 633 2055 contagio
661 1985 826 2054 pervagata
854 1982 921 2044 est;
956 1999 1035 2055 quae

72 2085 98 2153 10
127 2086 247 2144 videtur
270 2090 335 2144 sisti
358 2095 390 2144 et
415 2090 523 2162 corrigi
546 2105 642 2162 posse.
685 2085 777 2142 Certe
801 2087 873 2141 satis
900 2095 1034 2146 constat.

126 2212 220 2269 prope
235 2197 294 2249 iam
308 2193 444 2251 desolata
457 2191 573 2268 templa
588 2195 723 2267 coepisse
737 2190 892 2260 celebrari,
902 2198 936 2248 et
950 2211 1033 2250 sacra

127 2299 272 2358 solemnia
299 2299 351 2358 diu
379 2303 550 2357 intermissa
577 2303 694 2375 repeti:
729 2300 898 2375 passimque
928 2305 1032 2358 venire

127 2409 273 2478 victimas,
295 2426 422 2483 quarum
444 2405 544 2463 adhuc
565 2409 732 2462 rarissimus
755 2411 874 2479 emptor
894 2407 1030 2466 invenie-

127 2513 223 2570 batur.
247 2514 293 2570 Ex
307 2531 367 2590 quo
382 2513 470 2570 facile
486 2523 533 2571 est
547 2517 674 2589 opinari,
685 2532 763 2589 quae
775 2513 862 2569 turba
873 2511 1028 2573 hominum
1062 2505 1063 2538 ¹

127 2620 282 2676 emendari
296 2624 400 2696 possit,
415 2624 438 2676 si
454 2620 505 2676 fiat
520 2623 727 2696 paenitentiae
742 2618 832 2675 iocus.
