2148 3440
359 223 447 280 THE
477 222 660 282 LETTERS
690 222 744 281 OF
774 221 900 279 PLINY

578 463 685 519 XVIII

407 621 437 679 C.
464 622 584 679 Pmurus
607 621 723 679 Rurruo
745 621 806 679 Suo
828 620 857 679 S.

220 779 341 836 Fntsuru
370 787 417 836 est
444 783 596 850 nImirum,
625 779 706 855 quod
734 778 869 836 creditur
896 777 1005 853 vulgo,
1029 781 1067 829 tes

178 902 316 952 tamenta
353 895 511 952 hominum
547 894 703 972 speculum
738 913 804 951 esse
845 912 979 963 morum,
1020 907 1067 945 cun

179 1009 332 1067 Domitius
341 1008 447 1066 Tullus
463 1009 553 1086 longe
567 1009 674 1066 melior
688 1013 862 1086 apparuerit
876 1015 979 1065 morte
995 1021 1067 1083 quan

114 1134 118 1139 ’
179 1129 248 1182 vIta.
272 1125 361 1196 Nam,
386 1145 454 1182 cum
477 1145 509 1182 se
530 1123 715 1202 captandum
737 1125 937 1200 praebuisset,
963 1121 1067 1196 reliqui

179 1240 270 1297 filiam
284 1239 440 1310 heredem,
456 1260 532 1318 quae
554 1239 598 1296 illi
617 1261 685 1297 cum
707 1239 800 1297 fratre
822 1242 1003 1309 communis,
1018 1237 1067 1313 quir

179 1359 316 1431 genitam
337 1353 430 1411 fratre
452 1353 658 1429 adoptaverat.
683 1353 862 1411 Prosecutus
884 1361 933 1412 est
956 1359 1067 1430 nepote

178 1469 315 1545 plurimis
339 1468 622 1546 iucundissimisque
644 1469 763 1546 legatis,
788 1477 965 1545 prosecutus
995 1473 1067 1526 etiam

179 1593 368 1661 proneptem.
413 1584 450 1641 In
465 1605 581 1642 summa
596 1589 696 1642 omnia
717 1589 833 1662 pietate
852 1585 1067 1662 plenissimam

180 1706 267 1756 tanto
281 1703 387 1775 magIs,
402 1703 544 1775 quoniam
559 1704 767 1776 inexspectata
781 1708 860 1757 sunt.

221 1814 302 1888 Ergo
331 1817 404 1869 varii
431 1821 498 1870 tota
525 1818 648 1871 civitate
673 1785 849 1883 'sermones3
883 1813 934 1870 alii
965 1815 1066 1878 fictum,

181 1933 345 2005 ingratum,
366 1932 574 1986 immemorem
595 1929 761 2006 loquuntur
783 1949 876 2007 seque
897 1931 984 2007 ipsoS,
1006 1923 1066 1989 dunt?

179 2047 371 2100 insectantur
384 2041 479 2112 illum,
494 2020 675 2118 turpissimis
689 2043 925 2102 confessionibus
938 2045 1065 2120 produnt,

181 2165 216 2214 ut
231 2161 282 2233 qui
297 2155 336 2213 de
351 2163 448 2232 patre,
463 2176 527 2226 avo,
544 2176 653 2232 proavo
668 2162 751 2234 quasi
766 2157 806 2216 de
820 2160 893 2215 orbo
906 2168 1065 2283 querantuq

181 2269 231 2326 alii
260 2277 365 2327 contra
393 2269 453 2326 hoc·
485 2274 584 2346 ipsum
618 2270 757 2328 laudibus
792 2271 903 2342 ferunt,
937 2273 1014 2349 quod
1036 2277 1064 2330 sit

182 2383 344 2442 frustratus
365 2386 516 2460 improbas
531 2404 600 2461 spes
614 2384 780 2458 hominum,
798 2407 872 2464 quos
886 2391 926 2444 sic
939 2388 1064 2465 decipere

183 2519 237 2576 pro
252 2500 384 2556 moribus
406 2508 579 2576 temporum
594 2501 756 2577 prudentia
771 2511 826 2560 est.
850 2503 972 2562 Addunt
986 2509 1025 2562 eti

182 2636 244 2673 non
268 2615 360 2673 fuisse
386 2620 415 2673 ei
438 2616 568 2673 liberum
588 2616 646 2673 alio
667 2625 854 2674 testamento
868 2622 956 2687 mori;
976 2613 1063 2870 1]qu

182 2735 264 2790 enim
293 2730 449 2806 reliquisse
477 2750 549 2806 opes
578 2729 666 2801 filiae,
695 2729 749 2787 sed
776 2730 949 2803 reddidisse,
969 2735 1036 2810 quib

182 2845 288 2894 auctus
317 2856 372 2912 per
399 2836 490 2893 filiam
524 2836 632 2894 fuerat.
671 2837 749 2892 Nam
786 2837 925 2896 Curtilius
958 2840 1062 2897 Mansit

182 2961 306 3018 perosus
320 2962 468 3018 generum
483 2963 570 3000 suum
586 2941 754 3000 Domitium
770 2941 921 3001 Lucanum
937 2909 1062 3163 (Μή

183 3048 276 3122 Tulli)
301 3050 356 3105 sub
381 3069 417 3106 ea
442 3050 619 3107 condicione
637 3050 728 3107 filiam
752 3055 826 3123 eius,
848 3059 965 3128 neptem
981 3074 1057 3124 suain,

188 3159 244 3227 146
