2160 3438
328 238 417 296 THE
445 238 630 297 LETTERS
660 239 714 298 OF
739 239 866 297 PLINY

327 613 358 671 C.
384 614 504 670 Pmuius
518 613 656 670 Taarauo
678 614 865 671 Iursusroru

186 752 267 822 Quia
289 751 416 822 confido,
438 751 571 822 domine,
593 751 632 808 ad
653 770 755 809 curam
776 759 861 808 tuam
885 757 1064 828 pertinere.

145 880 253 933 nuntio
281 876 338 933 tibi
365 894 414 932 me
443 873 599 951 Ephesum
627 895 696 930 cum
724 874 863 931 omuibus
891 881 975 934 meis
991 879 1050 952 ὑπὲρ

146 1000 265 1058 Μαλέαν
274 1003 437 1076 navigasse.
473 998 617 1070 Quamvis
626 1003 782 1056 contrariis
791 1003 890 1056 ventis
901 1008 1049 1070 retentus,

145 1143 227 1181 nunc
242 1121 362 1179 destino
376 1126 486 1198 partim
501 1126 603 1179 orariis
623 1123 759 1194 navibuS,
773 1126 883 1198 partim
905 1123 1050 1182 vehiculis

146 1250 329 1324 provinciam
343 1254 457 1323 petere.
501 1245 581 1303 Nam
595 1249 673 1302 sicut
694 1249 796 1302 itineri
810 1265 919 1321 graves
942 1256 1050 1307 aestus.
1063 1311 1064 1324 ἶ

145 1379 189 1433 ita
203 1379 365 1432 continuae
379 1377 693 1451 navigationietesiae
709 1373 906 1430 reluctantur.

561 1637 634 1694 xvi
680 1592 682 1598 ’

457 1769 612 1826 Tnsmuus
636 1768 739 1826 Pmruo

188 1902 287 1958 Rscrs
301 1904 493 1971 renuntiasti,
508 1903 550 1956 mi
563 1899 703 1957 Secunde
718 1903 875 1957 carissime.
913 1900 1047 1959 Pertinet
1063 1893 1064 1982 J

146 2012 228 2066 enim
242 2006 281 2064 ad
295 2012 428 2064 animum
449 2026 562 2077 meum,
575 2005 657 2082 quali
671 2009 780 2062 itinere
794 2004 845 2062 inl
866 2010 1047 2082 provinciam

145 2119 311 2194 pervenias
371 2114 541 2171 Prudenter
582 2121 684 2170 autem
727 2117 885 2171 constituis
927 2111 1064 2172 interim

146 2224 281 2294 navibus,
296 2226 418 2280 interim
433 2221 579 2280 vehiculis
594 2224 649 2291 uti,
664 2228 755 2297 prout
767 2219 833 2277 loca
847 2225 1006 2280 suaserint.
1063 2275 1064 2298 Ξ

536 2452 655 2510 XVIIa

321 2587 353 2644 C.
377 2585 498 2643 Pruuus
519 2586 657 2643 Tasrsuo
680 2584 868 2642 Iurnursoru
1063 2649 1064 2674 1

187 2720 277 2776 S1cuu
299 2718 525 2776 saluberrimam
546 2723 783 2794 navigationem,
796 2720 930 2788 domiue,
953 2713 1064 2798 usque}

146 2824 302 2900 Ephesum
315 2831 458 2899 expertus
479 2828 522 2881 ita
544 2823 626 2893 inde,
641 2831 801 2900 postquam
823 2824 970 2882 vehiculis
991 2831 1047 2884 iter

146 2929 246 2986 facere
267 2934 363 3006 coepi,
380 2934 561 3005 gravissimis
578 2931 711 2987 aestibus
732 2938 825 3007 atque
847 2935 939 2989 etiam
959 2931 1046 2992 febri·

491 3084 500 3116 ¹
518 3086 545 3134 in
557 3087 618 3135 add.
635 3085 704 3136 cart

149 3178 206 3249 296
