2150 3444
289 203 379 263 THE
407 206 590 266 LETTERS
619 157 674 266 OF
703 206 829 264 PLINY

107 371 140 422 et
165 364 314 442 epistulae
342 365 403 422 divi
429 366 604 442 Vespasiani
632 366 671 423 ad
700 366 960 423 Lacedaemonios
989 373 1020 422 et

107 473 170 530 divi
183 472 245 530 Titi
259 473 297 529 ad
317 472 451 544 eosdem,
465 472 537 530 dein
559 474 599 530 ad
618 473 774 530 Achaeos:
795 481 829 530 et
848 473 1020 530 Domitiani

107 581 146 638 ad
182 580 325 637 Avidium
361 581 523 658 Nigrinum
558 590 590 639 et
628 583 809 640 Armenium
846 581 1021 638 Brocchum

108 688 311 764 proconsules,
326 693 402 745 item
416 689 455 746 ad
474 688 749 758 Lacedaemonios;
770 708 847 766 quae
867 689 940 746 ideo
963 689 1022 745 tibi

108 817 170 854 non
184 801 261 868 misi,
276 801 347 875 quia
362 805 394 854 et
416 817 522 874 parum
544 797 707 856 emendata
729 805 762 856 et
783 796 935 874 quaedam
959 816 1023 853 non

109 911 210 961 certae
230 903 302 961 fidei
323 904 513 975 videbantur,
529 912 562 962 et
581 909 653 982 quia
669 924 740 962 vera
759 912 792 962 et
807 903 976 961 emendata
991 908 1021 958 in

108 1015 224 1068 scriniis
238 1015 297 1068 tuis
313 1031 378 1068 esse
394 1012 562 1068 credebam.

516 1278 615 1336 LXVI

421 1445 576 1503 Turrinus
599 1445 703 1502 Primo

150 1604 305 1676 Quausrro
333 1606 399 1674 ista,
427 1623 505 1680 quae
528 1607 671 1679 pertinet
699 1602 738 1659 ad
766 1622 827 1673 eos,
855 1607 906 1680 qui
929 1602 1017 1661 liberi

110 1706 174 1760 nati
209 1705 348 1777 expositi,
376 1701 489 1758 deinde
524 1701 635 1758 sublati
669 1721 687 1757 a
714 1701 895 1778 quibusdam
923 1709 957 1760 et
985 1707 1016 1758 in

109 1804 256 1858 servitute
277 1799 398 1856 edueati
420 1806 501 1867 sunt,
516 1817 607 1875 saepe
627 1805 758 1857 tractata
779 1807 837 1869 est,
855 1820 913 1857 nec
932 1805 1017 1878 quic-

109 1919 199 1977 quam
224 1901 378 1954 invenitur
405 1901 436 1953 in
465 1902 688 1955 commentariis
710 1917 814 1955 eorum
835 1902 1016 1976 principum,

110 2002 161 2075 qui
181 2005 253 2054 ante
273 2015 321 2053 me
343 1993 477 2066 fuerunt,
499 1996 580 2074 quod
602 1996 640 2053 ad
662 2016 767 2054 omnes
787 2001 955 2074 provincias
977 2003 1017 2055 sit

110 2100 318 2154 constitutum.
373 2093 530 2169 Epistulae
566 2114 638 2152 sane
673 2103 746 2153 sunt
780 2094 947 2154 Domitiani
976 2097 1015 2153 ad

111 2195 253 2252 Avidium
279 2193 442 2269 Nigrinum
469 2201 502 2250 et
530 2193 709 2250 Armenium
738 2192 916 2263 Brocchum,
937 2214 1015 2271 quae

110 2292 236 2350 fortasse
271 2291 406 2349 debeant
440 2292 609 2360 observari;
644 2292 698 2349 sed
726 2291 828 2350 interl
863 2313 912 2350 eas
946 2312 1015 2369 pro-

110 2395 231 2462 vincias
260 2390 300 2448 de
331 2391 440 2468 quibus
472 2378 634 2467 rescripsit,
663 2389 747 2447 non²
774 2398 821 2449 est
852 2391 1012 2468 Bithynia3

110 2499 142 2548 et
176 2490 246 2547 ideo
280 2509 337 2548 nec
359 2489 564 2546 adsertionem
594 2488 806 2565 denegandam
835 2494 881 2559 iis,
902 2494 954 2566 qui
976 2511 1014 2548 ex

110 2595 174 2647 eius
199 2589 280 2646 modi
303 2608 390 2645 causa
411 2592 443 2644 in
465 2588 639 2646 libertatern
662 2588 905 2658 vindicabuntur,
928 2597 1013 2664 puto,

110 2708 210 2765 neque
229 2692 324 2764 ipsam
344 2686 517 2743 libertatem
540 2686 747 2743 redimendam
769 2691 868 2762 pretio
888 2685 1016 2744 alimen-

109 2795 217 2843 torum.

192 2889 200 2918 ¹
219 2891 326 2948 intera,
340 2889 401 2949 Aa,
415 2890 486 2939 intra
501 2889 533 2940 K.
600 2889 612 2920 ²
627 2906 680 2939 non
692 2907 740 2940 om.
755 2890 817 2952 Au,
830 2891 892 2940 add.
907 2907 932 2940 α.
