2160 3438
319 202 408 260 THE
437 201 620 262 LETTERS
650 204 705 262 OF
735 203 861 262 PLINY

551 435 623 493 XLI

317 581 348 638 C.
373 580 493 638 Pururus
513 581 651 640 Tuaruuo
674 582 862 640 Iuraaurour

176 727 324 784 luruuurr
338 725 413 782 mihi
436 735 469 785 et
493 725 633 785 fortunae
658 736 730 786 tuae
753 735 786 785 et
808 731 901 785 animi
923 733 1047 806 magni-

134 837 273 894 tudinem
309 839 627 894 convenientissimum
669 838 790 896 videtur
831 837 1046 897 demonstrare

134 966 225 1023 opera
240 967 301 1004 non
315 951 415 1004 minus
429 952 613 1006 aeternitate
635 956 689 1006 tua
710 968 802 1025 quam
826 949 922 1025 gloria
948 949 1045 1026 digna

133 1070 342 1140 quantumque
356 1061 589 1139 pulchritudinis
604 1070 720 1121 tantam
736 1063 877 1121 utilitatis
890 1061 1043 1121 habitura

134 1173 190 1230 Est
224 1177 256 1229 in
285 1170 553 1228 Nicomedensium
582 1171 691 1230 finibus
718 1172 931 1248 amplissimus*
948 1172 1043 1230 lacus

136 1283 192 1341 Per
206 1284 287 1341 hunc
300 1302 458 1354 marmora,
472 1282 598 1353 fructus,
613 1283 705 1360 ligna,
717 1287 862 1341 materiae
872 1291 904 1341 et
914 1293 1044 1360 sumptu

31 1442 34 1449 .
133 1394 251 1452 modico
287 1402 319 1452 et
346 1394 448 1452 labore
477 1414 572 1471 usque
607 1393 646 1451 ad
681 1397 760 1451 viam
795 1394 930 1464 navibus,
968 1394 1043 1452 inde

133 1525 244 1582 magno
271 1505 383 1576 labore,
407 1509 519 1562 maiore
542 1505 697 1582 impendio
719 1504 865 1562 vehiculis
888 1503 928 1560 ad
958 1525 1043 1564 mare

132 1614 347 1674 devehuntur.1
390 1615 498 1692 Itaque
512 1619 587 1671 mari
601 1618 793 1673 committere
807 1619 944 1691 cupiunt.
971 1617 1042 1673 Hoc

132 1747 207 1804 opus
221 1726 333 1785 multas
346 1746 453 1783 manus
474 1729 571 1802 poscit
583 1745 591 1794 ;
611 1734 644 1785 at
657 1726 716 1783 hae
729 1746 819 1802 porro
833 1746 895 1784 non
915 1726 1040 1786 desunt.

134 1841 211 1897 Nam
226 1849 259 1898 et
273 1844 305 1896 in
318 1844 398 1915 agris
411 1859 522 1916 magna
536 1843 622 1915 copia
633 1847 680 1896 est
689 1839 847 1897 hominum
861 1846 894 1896 et
907 1845 1041 1898 maxima

131 1958 163 2010 in
185 1957 317 2024 civitate,
332 1961 476 2030 certaque
490 1971 559 2028 spes
577 1971 682 2010 omnes
698 1952 899 2010 libentissime
914 1971 1040 2028 aggres-

131 2087 215 2126 suros
229 2087 304 2144 opus
319 2068 458 2124 omnibus
473 2065 669 2124 fructuosum.

172 2174 328 2250 Superest,
349 2181 383 2232 ut
405 2181 440 2231 tu
462 2172 638 2230 libratorem
652 2171 700 2228 vel
714 2170 927 2241 architectum,
943 2176 968 2229 si
983 2173 1040 2230 tibi

130 2280 292 2350 videbitur,
306 2284 421 2351 mittas,
435 2283 486 2357 qui
502 2279 668 2356 diligenter
689 2277 837 2355 exploret,
852 2281 934 2335 sitne
956 2279 1039 2337 lacus

129 2387 218 2444 altior
231 2390 317 2458 mari,
331 2405 422 2464 quem
436 2385 565 2444 artifices
586 2389 718 2461 regionis
732 2383 821 2442 buius
835 2384 1039 2462 quadraginta

131 2494 241 2550 cubitis
264 2492 402 2550 altiorem
426 2511 492 2549 esse
515 2491 714 2549 contendunt.
758 2492 824 2567 Ego
851 2511 907 2567 per
930 2493 1038 2552 eadem

130 2600 195 2655 loca
209 2603 332 2657 invenio
346 2598 455 2656 fossam
470 2619 488 2654 a
508 2617 581 2673 rege
602 2617 784 2673 percussam,
799 2597 852 2655 sed
873 2601 1039 2672 incertum,

131 2715 232 2762 utrum
257 2706 296 2763 ad
323 2704 527 2781 colligendum
564 2704 722 2762 humorem
757 2708 1036 2766 circumiacentium

130 2831 268 2886 agrorum
297 2831 336 2867 an
364 2811 403 2868 ad
431 2812 684 2870 committendum
706 2811 821 2868 flumini
843 2811 971 2883 lacum3
994 2825 1037 2874 est
1060 2853 1061 2860 κ

131 2919 211 2972 enim
236 2915 422 2992 imperfecta.
467 2917 535 2974 Hoc
560 2937 680 2995 quoque
702 2917 839 2995 dubium,
863 2922 1037 3000 intercepto

278 3047 286 3075 ¹
304 3045 490 3096 devehuntur.
506 3082 513 3094 .
528 3082 534 3094 .
549 3047 670 3098 latrinam
681 3049 760 3100 indic.
774 3050 881 3104 Mater.

134 3162 192 3219 ³30
