2148 3440
332 157 421 224 THE
449 157 634 224 LETTERS
663 163 718 223 OF
747 159 874 222 PLINY

552 373 654 430 XXVI

368 522 399 578 C.
425 520 547 577 Plautus
569 520 699 576 Mnxrno
722 519 785 576 Suo
807 518 836 575 S.

190 664 297 721 Nurnn
340 683 389 721 me
425 662 580 720 cuiusdam
615 664 703 718 amici
737 661 865 737 languor
899 657 1060 721 admonui

149 776 279 849 optimos
299 791 364 828 esse
386 790 452 841 nos,
466 770 539 827 dum
562 770 672 827 infirmi
696 787 806 826 sumna.
851 767 954 839 Quem
985 776 1060 828 enit

148 878 301 935 infirmum
329 885 383 935 aut
417 881 541 960 avaritia
569 885 623 934 aut
656 875 751 934 libido
779 875 946 932 solllcitat?
1001 879 1060 935 No.

148 986 298 1042 amoribus
312 988 414 1055 servit,
428 1004 490 1040 non
504 983 623 1060 adpetit
633 983 772 1054 honores,
786 1002 859 1058 opes
873 981 1031 1060 neglegit
1047 1007 1060 1043 c

148 1090 450 1169 quantulumcunque
460 1098 494 1147 ut
504 1089 664 1148 relicturus
673 1093 745 1146 satis
754 1089 856 1146 habet.
877 1087 966 1145 Tunc
982 1091 1060 1150 deos

147 1206 222 1256 tunc
250 1198 403 1255 hominem
437 1217 502 1254 esse
537 1217 569 1254 se
604 1200 753 1268 meminit,
782 1195 899 1253 invidet
933 1203 1060 1256 nemini

148 1310 303 1363 neminem
316 1308 452 1374 miratur,
467 1308 622 1362 neminem
637 1303 766 1380 despicit
777 1323 812 1360 ac
820 1322 860 1360 ne
869 1308 1060 1363 sermonibn

148 1412 272 1489 quidem
300 1410 440 1488 malignIs
468 1419 522 1468 aut
549 1410 685 1468 attendit
719 1418 773 1467 aut
807 1409 916 1477 alitur;
939 1411 1060 1470 balinea

148 1523 331 1596 imaginatur
344 1527 377 1577 et
391 1518 500 1576 fontes.
544 1519 632 1576 Haec
646 1538 763 1576 summa
783 1537 931 1587 curarum,
942 1537 1060 1602 summa

148 1633 296 1697 votorum,
324 1625 508 1703 mollemque
536 1630 569 1683 in
603 1633 759 1702 posterum
787 1632 820 1682 et
848 1627 1015 1700 pinguem,
1046 1637 1060 1683 a

149 1735 307 1808 contingat
340 1731 480 1804 evadere,
508 1731 565 1788 hoc
594 1739 642 1788 est
676 1734 830 1787 innoxiam
864 1731 1058 1808 beatamque

148 1838 285 1897 destinat
303 1843 405 1897 vitam.

190 1945 314 2003 Possum
343 1966 425 2022 ergo,
440 1945 522 2022 quod
536 1944 673 2021 plurimis
688 1946 798 2017 verbis,
812 1943 950 2022 plurimis
965 1950 1059 2004 etiam

148 2052 350 2111 voluminibus
364 2052 536 2129 philosophi
551 2053 661 2110 doecre
677 2060 834 2123 conantur,
843 2055 908 2128 ipse
923 2051 1059 2110 breviter

147 2161 204 2216 tibi
228 2159 363 2236 mihique
392 2164 577 2236 praecipere,
602 2168 637 2217 ut
664 2159 742 2217 tales
771 2178 836 2217 esse
865 2162 930 2216 sani
959 2179 1058 2235 perse-

148 2286 296 2337 veremus,
332 2266 437 2343 quales
473 2287 527 2324 nos
565 2267 682 2324 futuros
724 2265 901 2343 profitemur
937 2267 1057 2323 infirmi.

151 2371 233 2432 Vale.

540 2613 659 2672 XXVII

385 2757 415 2814 C.
440 2757 561 2816 Primus
582 2758 684 2817 Suara
705 2758 766 2817 Suo
787 2759 816 2818 S.

189 2901 235 2958 Er
255 2902 330 2959 mihi
344 2903 482 2961 discendi
497 2911 529 2960 et
543 2905 599 2961 tibi
614 2904 745 2962 docendi
758 2905 937 2963 facultatem
958 2911 1048 2964 otium

149 3009 282 3082 praebet.
330 3009 427 3085 Igitur
441 3029 587 3086 perquam
608 3011 699 3068 velim
721 3015 807 3083 scire,
822 3031 888 3071 csse
913 3012 1048 3088 phantas-

150 3115 187 3170 66
