2162 3438
338 245 426 304 THE
457 245 639 305 LETTERS
669 245 723 304 OF
754 245 878 303 PLINY

574 481 647 537 XIV

387 625 417 686 C.
443 625 562 683 Pmurus
583 626 696 684 Tremo
717 626 778 686 Suo
800 626 829 686 S.

198 771 264 828 Nuc
284 776 349 848 ipse
370 773 427 828 tibi
447 769 574 848 plaudiS,
597 779 630 828 et
651 792 708 846 ego
729 769 805 828 nihil
826 774 922 846 magis
946 791 986 827 ex
1013 771 1075 832 fide

156 896 307 974 quamde
330 903 361 954 te
383 897 488 956 scribo.
533 896 663 954 Posteris
684 915 723 954 an
744 895 843 972 aliqua
865 913 937 951 cura
960 903 1074 963 nostri,

156 1025 268 1091 nescio,
290 1039 345 1077 nos
367 1029 450 1078 certe
472 1040 632 1091 meremur,
655 1027 689 1077 ut
718 1023 758 1076 sit
781 1018 891 1095 aliqua,
912 1038 977 1076 non
1003 1021 1073 1078 dico

156 1147 280 1220 ingenio
309 1143 352 1221 (id
382 1147 463 1200 enim
492 1140 678 1218 superbum),
708 1142 762 1200 sed
784 1140 885 1198 studio
907 1147 940 1198 et
963 1141 1073 1200 labore

157 1275 190 1324 et
210 1270 381 1325 reverentia
409 1273 607 1342 posterorum.
653 1265 816 1342 Pergamus
841 1263 932 1321 modo
954 1269 1072 1324 itinere

156 1395 308 1460 instituto,
318 1389 399 1467 quod
414 1397 450 1446 ut
463 1407 574 1465 paucos
583 1392 615 1444 in
626 1388 726 1445 lucem
737 1387 909 1464 famamque
925 1396 1070 1464 provexit

157 1515 200 1568 ita
213 1509 325 1567 multos
340 1529 357 1566 e
372 1509 507 1566 tenebris
521 1517 554 1566 et
568 1508 689 1566 silentio
703 1506 838 1584 protulit.
883 1506 969 1566 Vale.

582 1777 639 1834 XV

380 1927 411 1984 C.
437 1927 556 1984 Pmmus
580 1927 709 1984 Fsucom
731 1927 792 1985 Suo
814 1926 842 1985 S.

202 2075 387 2134 Ruruouunu
416 2079 448 2132 in
468 2075 590 2145 Tuscos,
625 2083 661 2133 ut
695 2079 796 2132 omnia
830 2075 869 2132 ad
904 2078 1062 2135 arbitrium

157 2229 260 2266 meum
280 2208 421 2265 facerem.
465 2207 508 2264 At
528 2206 586 2264 hoc
608 2227 648 2264 ne
669 2211 700 2262 in
715 2206 820 2264 Tuscis
835 2207 980 2284 quidem;
1000 2216 1059 2265 tam

157 2331 261 2390 multis
282 2331 417 2408 undique
439 2335 618 2388 rusticorum
639 2330 750 2388 libellis
777 2338 811 2389 et
838 2337 901 2388 tam
930 2331 1060 2408 querulis

157 2458 318 2532 inquietor,
340 2473 414 2531 quos
435 2454 590 2531 aliquanto
611 2457 707 2531 magis
728 2457 841 2514 invitus
861 2473 953 2530 quam
980 2469 1063 2546 meos

157 2580 245 2656 lego:
266 2599 336 2636 nam
358 2586 391 2637 et
411 2598 495 2636 meos
515 2582 635 2635 invitus
681 2578 823 2636 Retracto
843 2581 925 2634 enim
947 2583 1061 2673 aetion-s

158 2702 240 2759 cules
261 2701 414 2779 quasdam,
436 2702 516 2778 quod
544 2709 614 2777 post
634 2701 897 2778 intercapedinem
917 2699 1059 2801 temporit

159 2833 191 2882 et
206 2823 349 2902 frigidum
365 2833 397 2883 et
415 2825 557 2882 acerbum
572 2831 627 2882 est.
674 2823 816 2883 Rationes
830 2829 915 2902 quasi
935 2813 1057 2929 obsco&

158 2966 207 3004 me
222 2947 437 3024 negleguntur.
474 2946 633 3004 Interdum
647 2955 751 3005 tamen
766 2968 878 3026 equum
892 2939 1055 3055 conscendtl

159 3078 192 3127 et
226 3079 344 3146 patrem
379 3070 510 3128 familiae
545 3070 692 3129 hactenus
720 3092 787 3149 ago,
815 3072 896 3150 quod
919 3073 1023 3150 ¹aliqua

163 3209 220 3246 210
