2150 3444
306 216 394 272 THE
423 216 606 274 LETTERS
636 216 691 274 OF
722 216 848 273 PLINY

477 426 671 483 LXXXVIII

305 559 335 614 C.
361 558 481 616 Pnnrus
502 559 640 616 Taurino
662 560 849 617 Inrrnarorn

163 690 258 760 Orr0,
274 691 406 761 domine,
424 700 457 749 et
477 692 558 748 huno
579 693 713 750 natalem
735 701 767 750 et
788 692 943 768 plurimos
968 693 1041 750 alios

123 819 213 876 quarn
226 820 230 827 ·
242 798 429 856 felicissimos
457 819 529 875 agas
550 779 735 876 aeternaque
756 798 846 856 laude
868 799 1038 858 florentem

124 909 243 962 virtutis
257 913 329 962 tuae
344 905 469 980 gloriam
485 914 518 963 et
532 905 691 963 incolumis
705 914 738 964 et
751 905 838 963 fortis
852 906 925 964 aliis
948 927 1038 983 super

123 1011 180 1068 alia
194 1013 335 1088 operibus
349 1031 468 1088 augeas.

408 1195 410 1200 ’
497 1223 659 1280 Lxxxix

437 1357 592 1415 Tnannns
614 1357 719 1414 Pinnio

165 1495 306 1548 Annosco
332 1500 401 1549 vota
423 1500 487 1563 tna,
507 1495 549 1548 mi
571 1490 711 1549 Secunde
735 1496 900 1563 carissime,
923 1496 1034 1570 quibus

123 1604 262 1675 precaris,
278 1608 313 1657 ut
337 1600 480 1677 plurimos
502 1608 535 1658 et
547 1599 743 1658 ‚felicissimos
763 1599 883 1657 natales
904 1600 1033 1658 florente

124 1714 204 1764 statu
220 1712 264 1764 rei
278 1708 417 1784 publicae
432 1716 553 1765 nostrae
567 1727 663 1782 agam.

306 2042 337 2098 C.
363 2042 482 2098 Furnius
503 2042 642 2099 Turrino
664 2041 851 2097 Inrnnaroni

165 2177 353 2247 Sinorsnsus,
365 2176 498 2247 domine,
511 2195 589 2252 aqua
602 2175 802 2242 definiuntur3
816 2194 894 2250 quae
909 2176 1031 2235 videtur

125 2292 157 2342 et
186 2285 264 2340 bona
292 2290 325 2340 et
353 2286 472 2357 copiosa
498 2283 537 2337 ab
565 2279 771 2338 sextodecimo
791 2279 920 2336 miliario
942 2301 1030 2358 posse

125 2390 258 2467 perduci.
302 2390 358 2447 Est
371 2397 475 2446 tamen
490 2392 593 2445 statim
610 2388 648 2445 ab
669 2390 769 2463 capite
790 2385 880 2463 paulo
899 2389 1030 2465 amplius

125 2499 208 2556 mille
230 2499 366 2574 passibus
386 2496 469 2554 locus
490 2504 648 2572 suspectus
670 2502 703 2553 et
723 2494 831 2565 mollis
854 2514 946 2571 quem
970 2518 1030 2573 ego

125 2609 246 2663 Interim
263 2604 411 2680 explorari
426 2604 544 2661 modico
563 2602 718 2678 impendio
739 2605 820 2671 iussi,
835 2621 874 2657 au
893 2607 1029 2679 reeIpere
1052 2595 1053 2605 ¹

125 2720 158 2769 et
182 2715 332 2768 sustinere
353 2730 428 2786 opus
450 2713 551 2785 possit.
597 2708 727 2766 Pecunia
747 2706 920 2764 curantibus
942 2712 1029 2768 nobis

125 2825 281 2873 contracta
297 2836 358 2872 non
380 2817 487 2886 deerit,
503 2820 585 2885 situ,
600 2817 734 2886 domine,
749 2815 806 2872 hoc
819 2835 914 2892 genus
928 2825 1028 2893 operis

126 2927 159 2975 et
187 2919 355 2977 salubritati
379 2929 412 2978 et
433 2925 610 2978 amoenitati
632 2920 720 2979 valde
741 2925 872 2979 sitientis
893 2921 1027 2985 coloniae

127 3022 294 3080 indulseris,

129 3167 188 3222 394
