2162 3438
409 782 562 853 LIBER
590 781 770 852 NONUS

582 1008 595 1065 Ι

357 1154 387 1210 C.
413 1121 684 1210 PnuusMsxno
706 1153 767 1211 Suo
789 1153 818 1211 S.

182 1301 278 1360 Ssui’u
300 1309 333 1358 te
356 1303 469 1369 monui,
492 1306 528 1355 ut
545 1298 647 1369 libros
662 1279 803 1375 quos'vel
824 1318 879 1374 pro
893 1306 930 1355 te
951 1302 1009 1358 vel
1030 1307 1074 1376 in¹

142 1432 291 1502 Plantam,
306 1436 397 1488 immo
412 1438 445 1488 et
455 1450 509 1506 pro
524 1438 555 1487 te
566 1438 598 1487 et
612 1435 643 1486 in
653 1429 738 1486 illum
754 1431 808 1506 (ita
823 1434 904 1487 enim
919 1439 1062 1491 materia

142 1564 282 1639 cogebat)
308 1566 511 1639 composuisti,
537 1582 627 1639 quam
648 1566 849 1619 maturissime
878 1567 1062 1640 emitteres

141 1695 223 1772 quod
244 1716 325 1753 nunc
340 1699 501 1771 praecipue
521 1702 619 1752 morte
636 1698 701 1773 eius
718 1694 821 1753 audita
839 1703 871 1752 et
890 1695 1006 1755 hortor
1027 1709 1061 1757 et

141 1848 258 1886 moneo.
303 1827 447 1898 Quamvis
472 1831 554 1884 enim
576 1826 687 1903 legeris
711 1826 815 1884 multis
837 1827 1059 1909 legendosque

141 1961 271 2032 dederis,
302 1959 372 2016 nolo
399 1968 504 2018 tamen
539 1933 721 2036 quemquam
749 1963 865 2035 opinari
898 1959 1059 2022 defuncto

141 2093 266 2151 demum
279 2092 445 2162 inchoatos
460 2110 534 2168 quos
553 2090 696 2148 incolumi
711 2110 747 2148 eo
761 2095 915 2168 peregisti.
961 2093 1059 2152 Salva

142 2231 182 2284 sit
195 2228 252 2284 tibi
267 2230 454 2284 constantiae
469 2224 556 2281 fama.
580 2224 646 2282 Erit
655 2232 767 2294 autem,
782 2228 929 2283 sinotum
943 2233 1056 2305 aequis

142 2361 311 2435 iniquisque
333 2357 426 2414 fuerit
449 2376 511 2413 non
525 2364 594 2432 post
614 2359 727 2413 inimici
746 2364 876 2414 mortem
895 2360 1055 2418 scribendi

142 2492 199 2548 tibi
213 2498 317 2548 natam
331 2511 396 2548 esse
411 2490 560 2561 fiduciam,
576 2489 630 2547 sed
651 2494 710 2546 iam
725 2498 862 2566 paratam
876 2490 1053 2551 editionem

142 2632 241 2681 morte
256 2631 460 2698 praeventam.
504 2621 601 2681 Simul
615 2622 722 2679 vitabis
737 2620 813 2678 illud

409 2774 416 2800 ‘
428 2770 491 2845 Οὐχ
505 2768 572 2842 ὁσίη
587 2767 783 2843 φθιμένοισιν.’

146 2910 234 2980 Nam,
245 2909 326 2986 quod
340 2910 380 2966 de
392 2913 513 2966 vivente
528 2913 682 2984 scriptum,
694 2909 733 2966 de
748 2913 870 2967 vivente
885 2916 1049 2971 recitatum

472 3069 486 3092 ⁰
503 3061 593 3125 Odyaa
608 3063 647 3111 23.
663 3063 718 3111 412.

169 3149 205 3218 76
