2114 3440
310 247 398 304 THE
427 246 610 305 LETTERS
637 247 692 305 OF
721 247 847 305 PLINY

127 412 223 465 sterni
238 408 294 464 sibi
308 408 361 463 inl
378 410 474 481 prima
496 407 603 464 domus
625 413 722 483 parte,
737 408 835 482 poscit
856 405 1043 481 pugillares,

127 519 240 588 stilum,
254 518 376 586 lumem
399 536 467 575 suos
482 537 587 574 omnes
600 521 633 573 in
647 520 791 575 interiora
812 516 952 587 dimittit,
969 521 1044 594 ipse

128 630 166 688 ad
189 629 381 688 scribendum
403 633 547 699 animum,
561 628 672 698 oculos
687 647 810 685 manum
832 627 983 700 intendit,
1001 651 1045 689 ne

127 763 221 800 vacua
244 760 331 799 meus
355 739 459 798 audita
483 739 641 796 simulacra
665 747 698 796 et
721 742 827 795 inanes
851 738 906 795 sibi
932 749 1046 799 metus

128 854 267 930 fingeret.
321 851 423 922 initio,
451 851 539 928 quale
575 852 697 927 ubique,
732 849 886 907 silentium
914 857 1048 922 noctis;

128 962 265 1023 deinde²
293 967 415 1020 concuti
443 961 566 1033 fenum,
594 962 714 1019 vincula
740 964 854 1017 moveri
866 978 874 1028 ;
892 960 949 1018 -ille
976 984 1048 1021 non

128 1080 237 1139 tollere
265 1079 378 1149 oculos,
399 1098 461 1137 non
484 1082 641 1136 remittere
663 1078 776 1147 stilum,
798 1075 853 1134 sed
875 1077 1047 1138 obfirmare

128 1193 263 1246 animum
285 1188 466 1264 auribusque
488 1185 698 1263 praetendere.
741 1185 819 1244 Tum
843 1189 1047 1248 crebrescere

129 1295 238 1372 fragor,
253 1294 418 1352 adventare
433 1301 466 1351 et
488 1297 547 1350 iam
571 1300 605 1350 ut
630 1296 662 1349 in
684 1292 799 1364 limine,
812 1299 872 1352 iam
894 1302 930 1352 ut
954 1300 1047 1355 intra

129 1403 223 1460 limen
250 1401 366 1470 audiri;
401 1404 534 1476 respicit,
556 1399 640 1458 videt
661 1405 858 1479 agnoscitque
882 1412 1046 1463 narratam

130 1510 185 1567 sibi
207 1508 345 1584 effigiem.
389 1506 497 1565 Stabat
515 1507 722 1583 innuebatque
742 1507 840 1583 digito
860 1509 968 1568 similis
995 1532 1047 1569 vo·

129 1619 219 1672 canti.
255 1609 325 1670 ¹Hic
352 1621 467 1682 contra,
493 1621 529 1670 ut
556 1611 680 1688 paulurn
707 1623 907 1690 exspectaret,
942 1637 1046 1674 manu

129 1723 278 1800 significat
308 1740 469 1798 rursusque
497 1724 573 1777 ceris
607 1728 640 1778 et
674 1722 744 1778 stilo
777 1725 934 1782 incumbit.
985 1726 1048 1785 Illa

130 1832 289 1889 scribentis
310 1832 402 1905 capiti
426 1831 541 1885 catenis
565 1829 732 1886 insonabat.
777 1830 911 1907 Respicit
933 1851 1047 1892 rursus

130 1937 213 1994 idem
227 1936 308 2014 quod
319 1916 405 2011 'prius
419 1937 600 1992 innuentem
614 1953 671 1992 nec
685 1943 819 1994 moratus
833 1937 914 1995 tollit
929 1938 1047 2001 lumen

131 2053 163 2102 et
191 2047 335 2121 sequitur.
395 2039 463 2098 ibat
491 2040 543 2096 illa
570 2040 655 2098 lento
682 2042 777 2118 gradu
814 2049 899 2120 quasi
936 2055 1047 2122 gravis

130 2150 265 2207 vinculis.
311 2148 473 2224 Postquam
487 2147 611 2204 deflexit
625 2151 657 2203 in
667 2145 768 2205 a'rearn
779 2149 897 2221 domus,
905 2164 1046 2228 repente

130 2255 246 2332 dilapsa
269 2254 384 2311 deserit
409 2257 559 2310 comitem.
605 2252 752 2312 Desertus
776 2255 884 2313 herbas
908 2265 943 2314 et
965 2258 1047 2318 folia

130 2369 293 2437 concerpta
307 2365 428 2437 signum
451 2360 517 2417 loco
541 2362 636 2436 ponit.
681 2360 805 2420 Postero
819 2362 869 2419 die
890 2362 956 2420 adit
980 2387 1047 2424 ma-

129 2473 283 2547 gistratus,
311 2476 426 2538 monet,
454 2476 489 2525 ut
517 2466 601 2525 illum
639 2466 738 2525 locum
774 2469 864 2527 effodi
899 2471 1045 2550 iubeant.

131 2576 332 2633 Inveniuntur
354 2593 421 2631 ossa
441 2578 555 2632 inserta
577 2580 693 2634 catenis
718 2583 751 2634 et
772 2576 929 2651 implicita,
945 2564 1046 2657 iquae

130 2702 237 2760 corpus
271 2700 346 2739 aevo
373 2689 514 2759 terraque
543 2681 748 2758 putrefactum
776 2681 858 2740 nuda
886 2691 918 2741 et
947 2705 1046 2747 exesa

130 2790 294 2866 reliquerat
325 2789 459 2848 vinculis.
517 2789 651 2848 Collecta
684 2791 805 2868 publice
837 2788 1044 2866 sepeliuntur.

132 2895 247 2953 Domus
269 2904 374 2972 postea
396 2901 455 2954 rite
478 2896 608 2955 conditis
630 2898 768 2954 manibus
791 2899 894 2954 caruit.

386 3026 395 3059 ¹
413 3029 440 3077 in
456 3027 489 3086 K,
503 3044 551 3077 om.
566 3029 607 3087 M,
621 3027 727 3090 Bipooa,
743 3025 787 3076 K¹.
860 3007 863 3020 ⁶

384 3091 395 3123 ²
411 3092 508 3142 deinde
518 3109 587 3155 pra,
604 3091 709 3154 Bipona,
722 3090 784 3141 dein
798 3091 830 3141 K.
