2178 3436
347 190 437 247 THE
466 189 653 250 LETTERS
682 191 737 250 OF
767 191 893 249 PLINY

163 349 337 407 consulibus
361 353 422 406 suis
444 349 490 425 (et
508 349 611 425 plures
635 349 755 425 habuit)
776 370 838 407 non
852 355 955 409 minus
974 335 1068 410 iucunl

163 454 220 512 dus
244 463 276 512 et
298 462 403 531 gratus
426 474 517 531 quam
540 455 623 513 utilis
648 453 727 513 fuit!
749 454 818 527 Quo
840 456 990 528 discursu,
1019 477 1068 535 qua

163 560 320 636 vigilantia
347 560 426 618 hanc
453 565 549 637 ipsam
581 562 780 634 aedilitatem,
809 567 857 620 cui
892 573 1068 641 praereptus

163 676 220 738 est,
262 669 371 744 petiit!
414 663 495 746 quod
534 668 582 726 vel
617 674 747 728 maxime
789 669 926 728 dolorem
969 691 1044 729 meu

162 773 325 831 exulcerat.
402 832 405 838 ,

203 881 414 940 Obversantur
438 882 531 941 oculis
557 887 631 940 cassi
656 883 774 942 labores
807 892 839 943 et
864 883 1054 944 infructuosa

162 1008 268 1064 preces
283 997 316 1047 et
327 989 433 1060 honor,
449 1010 540 1068 quem
562 995 675 1049 meruit
700 1000 829 1050 tantum.
862 992 954 1051 Redit
969 999 1069 1050 animo

161 1097 212 1155 ille
227 1096 306 1154 latus
321 1096 422 1154 clavus
440 1101 473 1153 in
493 1098 655 1173 penatibus
670 1102 745 1155 meis
760 1106 915 1175 sumptus:
937 1099 1069 1158 redeunt

160 1202 212 1259 illa
225 1205 331 1278 prima,
353 1201 405 1259 illa
425 1210 577 1278 postrema
592 1203 731 1279 suffragia
752 1223 830 1274 mea,
844 1203 889 1260 illi
903 1225 1069 1277 sermones,

160 1309 230 1367 illae
272 1309 517 1368 consultationes
561 1309 695 1367 Adficior
722 1310 930 1368 adulescentia
966 1315 1069 1388 ipsius,

159 1413 281 1471 adficior
303 1414 562 1472 necessitudinum
585 1435 663 1473 casu.
709 1415 783 1473 Erat
797 1415 841 1471 illi
854 1416 979 1492 grandis
994 1425 1067 1475 natu

159 1540 278 1596 parens,
316 1529 381 1580 erat
420 1542 504 1593 uxor,
539 1543 630 1602 quam
659 1531 731 1581 ante
767 1543 881 1580 annum
916 1527 1065 1599 virginem

159 1635 338 1703 acceperat3
361 1636 426 1686 erat
455 1629 523 1700 filia,
552 1649 643 1706 quam
671 1630 762 1708 paulo
790 1638 862 1688 ante
891 1630 1063 1689 sustulerat.

159 1733 218 1790 Tot
233 1754 311 1810 speS,
326 1743 373 1793 tot
397 1736 507 1812 gaudia
526 1736 591 1794 dies
611 1757 689 1794 unus
709 1741 740 1793 in
761 1737 886 1795 adversa
905 1743 1062 1796 convertit.

163 1839 253 1896 Modo
268 1840 445 1917 designatus
459 1842 574 1914 aedilis,
589 1863 697 1901 recens
711 1848 846 1915 maritus
857 1863 964 1902 recens
979 1854 1070 1922 pater,

158 1951 308 2004 intactum
331 1947 487 2019 honorem,
511 1951 615 2007 orbam
629 1958 769 2022 matrem,
791 1949 914 2008 viduam
930 1949 1070 2022 uxorem,

158 2054 249 2110 filiam
263 2053 410 2130 pupillam
423 2058 620 2133 ignaramque
635 2061 729 2133 patris
744 2057 875 2134 reliquit.

198 2159 329 2217 Accedit
339 2160 468 2218 lacrimis
483 2165 568 2233 meis,
580 2163 662 2240 quod
676 2164 785 2220 absens
809 2171 842 2220 et
856 2164 1059 2240 impendentis

157 2266 229 2322 mali
254 2270 372 2324 nescius
392 2272 505 2344 pariter
519 2289 653 2346 aegrum,
674 2273 788 2345 pariter
808 2269 973 2328 decessisse
994 2292 1058 2348 cog-

157 2377 237 2442 novi,
252 2393 292 2430 ne
306 2378 481 2449 gravissimo
501 2375 598 2434 dolori
614 2381 723 2434 timore
744 2397 982 2436 consuescerem.
1026 2381 1057 2437 ln

157 2483 419 2539 tantistormentis
434 2502 525 2553 eram,
537 2503 605 2540 cum
621 2485 783 2542 scriberem
798 2483 882 2555 haec,
899 2487 1057 2544 scriberem

156 2586 237 2654 sola3
258 2607 358 2665 neque
380 2593 462 2645 enim
477 2610 559 2646 nunc
581 2591 664 2648 aliud
683 2599 737 2650 aut
756 2595 890 2668 cogitare
912 2601 965 2650 aut
979 2593 1056 2672 loqui

156 2712 284 2769 possum.
329 2693 411 2752 Vale.

188 2847 201 2869 ¹³
218 2839 269 2889 Lit.
288 2844 304 2865 “
316 2839 367 2890 had
380 2841 460 2890 taken
473 2859 510 2907 up
521 2842 589 2892 from
602 2844 648 2894 the
659 2843 783 2910 ground¹¹
794 2863 801 2904 3
820 2845 866 2894 the
875 2862 1014 2910 oeremony
1024 2848 1054 2912 by

155 2903 242 2951 which
254 2921 270 2952 a
282 2903 371 2954 father
382 2906 514 2956 admitted
526 2925 542 2956 a
553 2909 689 2958 new-born
706 2909 778 2959 child
793 2911 890 2971 (which
905 2912 939 2961 he
950 2912 1003 2964 had
1014 2914 1053 2964 the

156 2967 227 3031 right
240 2972 269 3016 to
280 2985 338 3018 rear
350 2986 380 3019 or
392 2977 447 3032 not,
461 2989 490 3021 aa
502 2974 535 3022 he
547 2974 663 3038 pleased)
675 2975 733 3025 into
745 2976 791 3025 the
803 2976 904 3042 family.

162 3127 217 3182 166
