2158 3436
305 157 393 213 THE
422 156 605 214 LETTERS
634 157 688 215 OF
719 157 844 214 PLINY

122 336 292 393 parensque
314 316 452 393 publicus
473 325 596 394 rogatus
618 338 636 374 a
660 316 797 374 Pallante
819 337 887 374 eam
909 324 1036 392 partem

123 411 305 478 sententiae,
320 426 398 485 quae
412 408 587 484 pertinebat
601 407 639 464 ad
654 407 832 464 dandum'ei
853 429 890 466 ex
913 411 1036 464 aerario

123 501 239 555 centies
274 501 472 574 quinquagies
505 501 687 567 sestertium,
721 501 837 555 remitti
864 498 1037 560 voluisset3

123 591 229 644 testari
250 596 399 658 senatum,
421 587 499 644 etsil
520 586 653 644 libenter
671 607 705 643 ac
724 591 833 644 merito
852 589 931 645 hanc
948 607 1036 645 sum-

123 697 203 734 mam
225 681 306 735 inter
319 677 450 754 reliquos
464 677 593 735 honores
608 678 647 734 ob
662 677 753 734 fidem
774 677 1035 755 diligentiamque

127 766 254 825 Pallanti
269 767 434 826 decernere
448 766 621 844 coepisset,2
634 767 784 825 voluntati
799 776 903 826 tamen
918 773 1036 844 princi-

123 862 169 934 pis
183 862 238 928 sui,
253 861 301 914 cui
316 862 347 914 in
362 858 445 914 nulla
459 877 491 915 re
506 857 551 914 fas
572 865 695 933 putaret
716 877 896 934 repugnare,
918 862 952 915 in
974 859 1035 916 hac

124 967 244 1026 quoque
260 967 293 1004 re
307 947 451 1024 obsequi.'

167 1038 337 1114 Imaginare
354 1037 523 1095 Pallantem
537 1036 622 1094 velut
640 1038 884 1096 intercedentem
906 1047 1036 1097 senatus

123 1127 261 1186 consulto
282 1128 553 1204 moderantemque
574 1126 704 1185 honores
718 1147 786 1186 suos
805 1136 838 1186 et
852 1133 1032 1187 sestertium

123 1221 240 1276 centies
274 1221 473 1295 quinquagies
501 1226 536 1275 ut
563 1221 691 1274 nimium
723 1226 924 1290 recusantem,
958 1240 1033 1276 eum

122 1312 272 1384 praetoria
306 1317 484 1366 ornamenta
522 1316 677 1384 tamquam
715 1311 815 1366 minus
852 1313 1033 1384 recepisset,

123 1403 287 1474 imaginare
323 1398 480 1456 Caesarem
519 1398 621 1455 liberti
661 1399 801 1474 precibus
838 1399 887 1455 vel
928 1403 1035 1474 potius

122 1492 249 1564 imperio
263 1508 362 1545 coram
385 1497 492 1547 senatu
507 1489 771 1564 obtemperantem
788 1490 930 1564 (imperat
944 1493 1032 1546 enim

122 1577 249 1635 libertus
271 1586 407 1654 patrono,
429 1598 520 1655 quem
542 1582 574 1634 in
598 1586 706 1634 senatu
729 1579 838 1658 rogat),
861 1582 1032 1654 imaginare

123 1676 262 1726 senatum
284 1687 500 1745 usquequaque
515 1675 682 1724 testantem
703 1671 812 1726 merito
833 1667 1032 1744 libenterque

124 1777 156 1814 se
184 1757 262 1814 hanc
291 1777 438 1814 summam
466 1761 546 1814 inter
574 1756 705 1833 reliquos
733 1757 862 1814 honores
897 1757 1032 1816 Pallanti

122 1851 256 1923 coepisse
291 1846 456 1904 decernere
491 1854 523 1904 et
550 1854 811 1922 perseveraturum
839 1846 941 1918 fuisse,
971 1853 1031 1905 nisi

122 1938 341 2013 obsequeretur
367 1940 511 2013 principis
538 1935 697 2006 voluntati,
722 1940 770 1992 cui
793 1955 854 1992 non
877 1945 959 1994 esset
984 1937 1031 1995 fas

122 2031 155 2083 in
183 2026 244 2083 ulla
271 2047 304 2084 re
331 2046 509 2103 repugnare.
554 2024 611 2095 Ita,
640 2045 679 2082 ne
708 2029 882 2082 sestertium
910 2031 1031 2085 centies

122 2112 321 2186 quinquagies
358 2108 454 2165 Pallas
489 2127 526 2164 ex
560 2111 675 2164 aerario
705 2107 809 2176 ferret,
844 2109 1031 2165 verecundia

122 2193 224 2265 ipsius,
249 2191 394 2266 obsequio
419 2197 541 2247 senatus
565 2208 640 2264 opus
664 2187 724 2245 fuit
745 2193 775 2244 in
791 2187 849 2245 hoc
863 2193 1029 2265 praecipue

124 2291 186 2326 non
208 2272 391 2341 obsecuturi,
414 2274 438 2327 si
463 2274 495 2326 in
519 2268 581 2326 ulla
595 2290 627 2326 re
652 2277 790 2346 putasset
810 2269 855 2326 fas
877 2290 943 2328 esse
965 2291 1029 2328 non

123 2353 255 2428 obsequi.

165 2432 271 2490 Finem
292 2434 466 2490 existimas?
510 2433 602 2488 Mane
623 2431 696 2488 dum
718 2440 751 2490 et
772 2436 884 2489 maiora
902 2437 1029 2509 accipe:

124 2519 133 2546 ‘
144 2513 267 2591 Utique,
312 2534 381 2571 cum
425 2518 465 2571 sit
502 2513 579 2571 utile
618 2517 762 2589 principis
801 2514 1028 2589 benignitatem

122 2599 375 2671 promptissimam
403 2595 442 2652 ad
468 2595 590 2652 laudem
622 2599 815 2672 praemiaque
841 2601 1027 2654 merentium

335 2701 343 2731 ¹
361 2701 411 2750 etsi
424 2701 479 2761 r,K
484 2701 522 2754 ii..
536 2707 564 2750 et
575 2717 603 2750 se
614 2701 687 2758 Ma.

332 2766 343 2796 ²
359 2768 488 2830 coepisset
500 2766 603 2824 Gaiam,
616 2767 732 2830 coepisse
744 2765 804 2815 Mo.

156 2890 169 2912 ‘¹
186 2881 227 2930 ic.
242 2883 376 2946 assuming
388 2882 434 2930 the
445 2882 613 2947 prerogativa
625 2881 653 2930 of
664 2899 680 2930 a
692 2881 808 2930 Tribune
820 2882 847 2931 ol
859 2883 906 2932 the
919 2881 1005 2932 Plebs.

155 2947 165 2976 l
182 2945 302 2995 Because
316 2947 362 2996 the
381 2946 472 2996 fiction
491 2946 519 2996 of
537 2947 583 2996 the
602 2948 721 2998 Senate’s
740 2963 862 3011 supreme
884 2947 1024 3014 authority

123 3027 177 3059 was
188 3011 245 3060 still
257 3011 322 3076 kept
333 3029 376 3076 up.

127 3106 182 3161 108
