2162 3438
321 218 410 278 THE
439 219 622 278 LETTERS
652 218 706 278 OF
736 219 862 278 PLINY

140 381 192 436 Vir
211 388 258 437 est
279 383 420 456 optimus,
435 378 672 449 honestissimus,
686 384 781 437 nostri
802 383 1048 444 amantissimus3

139 529 296 598 praeterea
330 525 361 576 in
396 518 506 577 litteris
534 528 654 577 veteres
681 520 860 590 aemulatur,
890 525 1047 596 exprimit,

138 663 250 734 reddit,
266 663 456 740 Propertium
470 666 502 717 in
517 665 630 738 primis,
645 682 662 717 a
677 681 736 738 quo
753 681 850 737 genus
865 661 964 732 ducit,
981 681 1050 718 vera

139 803 257 861 soboles
278 822 374 879 eoque
398 800 548 861 simillima
569 800 624 872 illi,
645 805 677 857 in
701 821 761 878 quo
781 801 833 858 ille
855 806 1046 877 praecipuus,

140 944 171 1002 Si
206 944 308 1020 elegos
344 947 408 1001 eius
442 947 474 999 in
508 962 615 999 manus
647 947 818 1018 sumpseris,
850 941 938 1018 leges
975 963 1066 1019 opus,

138 1095 264 1156 tersum,
278 1084 379 1157 molle,
399 1084 565 1141 iucundum
587 1092 619 1141 et
640 1082 730 1159 plane
747 1088 778 1139 in
795 1083 935 1159 Properti
957 1083 1046 1140 domo

139 1232 292 1305 scriptum.

179 1557 285 1633 Nuper
305 1555 343 1614 ad
365 1555 457 1633 lyrica
478 1555 612 1627 deflexit,
626 1560 658 1612 in
673 1556 781 1634 quibus
802 1560 846 1614 ita
869 1557 1044 1627 Horatium,

139 1707 174 1757 ut
192 1698 299 1755 inillis
318 1697 404 1755 illum
422 1697 553 1754 alterum
575 1698 698 1774 effingit.
744 1697 846 1768 Putes,
868 1701 893 1754 si
915 1699 989 1775 quid
1011 1703 1042 1754 in

138 1840 245 1898 studiis
260 1843 400 1916 cognatio
415 1838 505 1909 valet,
521 1847 554 1896 et
568 1838 657 1896 huius
672 1843 883 1916 propinquum.
929 1840 1042 1916 Magna

138 1985 274 2051 varietas,
297 2000 406 2058 magna
427 1979 586 2038 mobilitas.
631 1979 723 2038 Amat
747 1987 781 2037 ut
805 1984 857 2057 qui
878 1985 1040 2050 verissime,

138 2122 223 2181 dolet
251 2131 285 2181 ut
313 2128 364 2200 qui
392 2127 665 2198 impatientissime,
688 2123 792 2180 laudat
821 2130 856 2180 ut
877 2128 930 2200 qui
958 2126 1040 2181 beni-

137 2262 290 2333 gnissime,
314 2258 393 2314 ludit
422 2266 456 2315 ut
484 2262 535 2335 qui
563 2257 756 2328 facetissime,
781 2262 881 2314 omnia
908 2258 1038 2336 denique

137 2405 292 2475 tamquam
313 2399 431 2474 singula
452 2398 587 2456 absolvit.

180 2733 236 2790 Pro
265 2732 321 2788 hoo
349 2751 407 2807 ego
434 2736 539 2802 amico,
568 2752 622 2808 pro
650 2731 708 2788 hoe
737 2751 794 2808 ego
822 2736 946 2808 ingenio
979 2754 1036 2790 nou

138 2876 237 2928 minus
269 2891 360 2947 aeger
394 2876 504 2942 auimo,
538 2893 628 2949 quam
659 2892 782 2949 corpore
817 2872 879 2942 ille,
914 2873 1034 2931 tandem

138 3011 233 3082 illum,
248 3011 373 3068 tandem
390 3032 439 3068 me
457 3017 565 3089 recepi.
609 3012 769 3071 Gratulare
788 3013 873 3084 mihi,
887 3013 1035 3089 gratulare

141 3173 199 3224 224
