2162 3438
317 194 406 252 THE
433 193 617 252 LETTERS
645 194 700 252 OF
729 192 856 249 PLINY

134 357 265 415 scribere
299 353 450 429 longiores
485 353 629 429 epistulas
664 351 766 425 nolim,
795 350 887 407 velim
917 335 1068 426 legere!

134 487 210 544 illud
244 495 398 564 tamquam
438 485 595 556 delicatus,
630 485 687 542 hoc
725 491 882 561 tamquam
917 487 1051 540 otiosus

136 621 220 678 Nihil
248 628 296 679 est
327 625 409 677 enim
436 628 489 677 aut
516 624 630 697 pigrius
658 618 795 676 delicatis
819 626 873 676 aut
897 621 1053 674 curiosius

135 758 245 813 otiosis.
290 754 373 813 Vale.

449 937 452 943 ’
519 964 658 1020 xxxin

357 1105 388 1162 C.
413 1105 533 1162 Parmos
554 1104 683 1161 Cauuuo
705 1102 767 1161 Suo
790 1102 818 1160 S.

75 1291 77 1296 .
179 1244 276 1302 lucrm
300 1249 331 1300 in
359 1249 518 1302 materiam
539 1264 650 1314 veram,
671 1243 725 1302 sed
746 1243 930 1301 simillimam
954 1242 1048 1299 fictae

137 1366 321 1445 dignamque
336 1372 394 1426 isto
408 1368 580 1438 laetissime,
595 1367 740 1425 altissimo
755 1367 906 1445 planeque
921 1370 1048 1442 poetico
1067 1371 1068 1440 l

136 1495 270 1567 ingenio,
284 1491 377 1548 incidi
391 1500 504 1562 autem,
518 1492 590 1549 dum
612 1511 703 1569 super
724 1511 830 1550 cenam
852 1495 933 1547 varia
955 1496 1047 1548 mira-

138 1615 205 1672 cula
232 1615 303 1671 hinc
332 1615 404 1673 inde
427 1615 609 1674 referuntur.
653 1593 767 1692 Magna
791 1619 922 1674 auctoris
948 1616 1046 1686 fides3

136 1743 260 1796 tametsi
275 1739 348 1816 quid
362 1745 471 1816 poetae
487 1761 554 1797 curn
569 1739 649 1798 fide?
695 1739 842 1798 letamen
863 1748 980 1811 auctor,
996 1745 1044 1797 cui

137 1864 217 1920 bene
231 1862 280 1920 vel
294 1859 450 1920 historiam
464 1868 629 1941 scripturus
651 1862 836 1922 credidisses.

179 1985 234 2042 Est
248 1989 280 2042 in
298 1986 401 2043 Africa
424 1986 631 2062 Hipponensis
654 1986 772 2044 colonia
792 1990 867 2042 mari
889 1991 1043 2062 proxima3
1067 2061 1068 2076 χ

138 2109 257 2167 adiacet
291 2109 462 2188 navigabile
498 2119 658 2187 stagnum;
694 2131 731 2168 ex
766 2110 824 2167 hoc
858 2114 890 2166 in
918 2110 1041 2167 modum

138 2226 269 2282 fluminis
283 2229 467 2283 aestuarium
482 2230 621 2303 emergit,
636 2225 717 2304 quod
733 2227 798 2282 vice
812 2224 940 2295 alterna,
952 2235 1041 2302 prout

138 2341 240 2390 aestus
253 2341 307 2389 aut
322 2337 465 2409 repressit
485 2341 539 2392 aut
560 2332 691 2410 impulit,
705 2353 786 2390 nunc
807 2332 938 2390 infertur
958 2337 1039 2404 mari,
1067 2399 1068 2402 Ἴ

139 2466 220 2504 nunc
244 2446 383 2506 redditur
407 2456 523 2525 stagno.
577 2448 686 2507 Omnis
709 2448 758 2505 hic
785 2455 869 2506 aetas
896 2449 1039 2524 piscandi,

139 2562 312 2648 navigandi,
347 2570 440 2641 atque
482 2568 575 2622 etiam
610 2563 736 2622 natandi
771 2563 872 2621 studio
907 2572 1038 2636 tenetur,

140 2683 269 2735 maxime
291 2683 386 2755 pueri,
403 2699 478 2755 quos
499 2683 595 2737 otium
617 2679 768 2756 ludusque
789 2678 938 2736 sollicitat.
981 2679 1038 2738 His

139 2792 235 2866 gloria
258 2800 290 2850 et
312 2797 407 2852 virtus
434 2793 579 2852 altissime
608 2794 752 2871 provehi3
781 2798 877 2851 victor
904 2793 963 2864 ille,
985 2800 1035 2872 qui
1067 2809 1068 2884 l

139 2904 314 2981 longissime
336 2915 371 2965 ut
391 2909 463 2966 litus
486 2914 528 2966 ita
553 2911 641 2966 simul
665 2918 774 2967 nantes
799 2909 929 2986 reliquit.
970 2910 1035 2967 Hoc
1067 2907 1068 2914 ’

141 3020 308 3076 certamine
329 3038 405 3095 puer
418 3019 541 3096 quidam
555 3019 717 3078 audentior
731 3025 841 3079 ceteris
854 3023 887 3078 in
901 3021 1033 3078 ulteriora
1067 3023 1068 3090 ξ

145 3141 160 3178 a
166 3139 204 3196 50
1067 3119 1068 3164 l
