2162 3438
323 225 411 286 THE
442 227 624 286 LETTERS
653 228 708 285 OF
738 227 863 284 PLINY

142 394 237 457 utere,
253 395 287 444 ut
308 391 483 444 memineris
498 395 531 444 et
545 387 701 444 hominem
722 406 788 443 esse
807 394 839 443 te
860 393 893 442 et
914 385 1052 443 hominis

141 502 267 569 patrem.
311 493 394 550 Vale.

548 767 626 825 XIII

344 913 375 970 C.
401 912 521 970 Primus
541 913 711 984 Quiounro
731 913 792 971 Suo
812 913 840 970 S.

183 1060 312 1131 Qunnro
327 1061 488 1119 studiosius
502 1065 712 1139 intentiusque
727 1061 829 1138 legisti
849 1061 952 1132 libros,
975 1081 1056 1139 quos

141 1167 181 1224 de
225 1167 349 1225 Helvidi
391 1167 507 1226 ultione
548 1172 711 1246 composui,
752 1177 840 1227 tanto
881 1172 1057 1244 impensius

141 1274 284 1350 postulaS,
313 1282 348 1332 ut
372 1277 555 1351 perscribam
582 1277 649 1347 tibi,
676 1295 815 1354 quaeque
843 1283 929 1334 extra
957 1276 1057 1334 libros

142 1401 279 1458 quaeque
295 1387 373 1438 circa
387 1382 488 1452 libroS,
502 1391 602 1440 totum
617 1383 749 1459 denique
764 1383 902 1440 ordinem
923 1387 978 1454 rei,
1006 1390 1056 1441 cui

141 1507 197 1562 per
211 1495 344 1546 aetatem
359 1508 419 1545 non
435 1488 608 1547 interfuisti.

183 1594 291 1652 Occiso
315 1595 489 1653 Domitiano
504 1600 597 1654 statui
611 1617 731 1655 mecum
746 1616 780 1653 ac
795 1595 962 1653 deliberavi
984 1617 1058 1656 esse

141 1722 283 1778 magnam
297 1702 514 1780 pulchramque
529 1707 687 1761 materiam
701 1702 871 1760 insectandi
891 1713 1058 1775 nocentes

141 1812 265 1866 miseros
279 1810 462 1880 vindicandi,
477 1831 509 1868 se
523 1809 707 1887 proferendi.
754 1810 843 1867 Pono
857 1814 938 1866 inter
952 1812 1059 1870 multa

142 1906 257 1963 scelera
277 1907 441 1964 multorum
466 1907 584 1965 nullum
608 1912 739 1965 atrocius
763 1907 932 1977 videbatur,
958 1928 1058 1985 quarn

142 2004 224 2080 quod
238 2009 269 2060 in
284 2013 391 2062 senatu
407 2013 528 2063 senator
543 2010 684 2076 senatori,
699 2009 867 2081 praetorius
888 2007 1058 2078 consulari

143 2121 193 2158 reo
221 2101 313 2159 iudex
341 2122 447 2159 manus
475 2103 636 2160 intulisset.
696 2103 806 2160 Fuerat
833 2102 946 2179 alioqui
975 2107 1059 2163 mihi

142 2219 211 2256 cum
241 2200 385 2257 HelvidIo
409 2205 550 2271 amicitia,
575 2209 689 2277 quanta
713 2207 855 2276 potuerat
884 2220 951 2257 esse
981 2223 1057 2260 cum

143 2317 188 2368 eo,
228 2302 280 2374 qui
318 2306 403 2355 metu
442 2306 615 2374 temporum
655 2318 766 2356 nomen
805 2302 923 2374 ingenS,
963 2319 1059 2375 pares

142 2399 270 2453 virtutes
309 2415 428 2454 secessu
467 2399 604 2472 tegebat,
641 2396 742 2454 fuerat
780 2416 849 2455 cum
888 2395 979 2454 Arria
1026 2409 1060 2458 et

143 2494 267 2564 Fannia,
307 2513 434 2571 quarum
470 2495 566 2552 altera
608 2495 733 2552 Helvidi
773 2515 912 2566 noverca,
952 2496 1059 2558 altera

142 2599 240 2648 mater
263 2611 418 2650 novercae.
462 2592 524 2650 Sed
546 2613 607 2650 non
632 2598 675 2650 ita
703 2612 753 2650 me
781 2597 845 2650 iura
871 2596 994 2669 privata
1024 2609 1059 2656 ut

142 2690 297 2766 publicum
325 2690 369 2748 fas
397 2699 430 2748 et
456 2691 622 2768 indignitas
650 2690 722 2748 facti
751 2698 784 2748 et
812 2691 944 2768 exempli
973 2702 1060 2754 ratio

143 2789 296 2845 incitabat.

683 2912 1056 2930 ——Q-—q

177 2957 189 2980 ⁰
205 2949 222 2998 i.
227 2966 245 3000 e.
262 2951 303 2999 his
313 2951 407 3016 speech
419 2952 523 3016 against
531 2951 667 3001 Publicius
675 2951 780 3012 Certus,
790 2952 903 3012 revised,
912 2955 1056 3024 enlarged,

144 3013 197 3062 and
209 3015 318 3064 divided
329 3017 387 3065 into
401 3019 418 3042 “
428 3017 537 3066 books.”
572 3017 620 3067 See
632 3019 666 3066 ἰν.
681 3019 722 3077 21,
736 3018 780 3068 vii.
796 3019 834 3068 30.

177 3081 187 3111 ⁶
204 3079 276 3145 Sept.
293 3083 332 3141 18,
345 3083 377 3131 96
389 3095 444 3132 no.
567 3091 577 3113 ⁰
593 3081 642 3132 See
653 3082 690 3132 iii.
707 3085 744 3132 16.

149 3176 204 3247 196
