2158 3436
289 178 378 236 THE
406 177 590 236 LETTERS
619 179 674 237 OF
703 178 829 236 PLINY

106 346 171 394 tam
185 335 313 412 graciles
327 338 395 392 istic
405 334 573 392 vindemias
588 355 662 405 esse,
679 343 714 392 ut
728 335 818 411 plane
833 339 943 392 scirem
958 337 1017 393 tibi
1060 368 1061 390 l

106 464 292 525 vacaturum,
302 454 382 531 quod
392 454 483 531 vulgo
497 448 618 526 dicitur,
629 455 739 513 librum
753 454 865 530 legere.
896 455 1018 513 Eadem
1061 478 1062 490 ¹

107 597 145 635 ex
173 580 248 632 meis
276 575 382 651 agellis
411 580 598 632 nuntiantur.
664 575 763 649 lgitur
788 575 863 631 mihi
892 595 1018 652 quoque
1062 591 1063 596 ’

106 697 211 753 licebit
232 697 372 764 scribere,
395 714 473 770 quae
497 693 589 769 legaS,
605 697 644 751 sit
666 694 767 765 modo,
786 693 867 751 unde
890 693 1018 752 chartae

108 820 168 874 erni
184 819 300 891 possint
313 833 320 882 ;
341 833 419 890 quae
434 817 458 870 si
473 813 594 869 scabrae
609 813 768 870 bibulaeve
790 816 860 883 sint,
875 821 929 870 aut
952 833 1018 870 non

107 932 310 1001 scribendum,
338 939 392 988 aut
419 935 597 1001 necessario,
626 931 774 1010 quidquid
806 936 1019 1008 scripserimus

106 1052 178 1107 boni
192 1050 312 1121 malive,
327 1050 504 1108 delebimus.
548 1049 631 1106 Vale.

522 1335 594 1393 XVI

320 1492 351 1549 C.
377 1492 497 1549 Pennus
520 1493 663 1550 Parnaso
685 1493 746 1550 Suo
768 1494 796 1552 S.

148 1655 369 1720 Consecunuur
407 1673 456 1709 me
492 1651 682 1710 infirmitates
716 1673 862 1737 meorum,
898 1663 1018 1713 mortes

108 1780 210 1844 etiam,
241 1780 273 1831 et
304 1772 428 1850 quidem
458 1777 609 1830 iuvenum.
667 1772 784 1830 Solacia
811 1772 871 1830 duo
901 1794 1018 1852 nequa·

106 1916 197 1974 quam
225 1899 308 1972 paria
335 1902 423 1952 tanto
450 1893 556 1964 dolori,
579 1893 687 1950 solacia
709 1901 823 1964 tamen,
845 1913 940 1951 unum
969 1894 1017 1952 fa-

107 2015 203 2073 cilitas
238 2013 476 2072 manumittendi
512 2012 629 2088 (videor
666 2015 748 2068 enim
785 2032 847 2069 non
887 2019 1016 2073 omnino

106 2138 281 2191 immaturos
315 2130 495 2209 perdidisse,
530 2151 604 2208 quos
639 2134 699 2186 iam
728 2129 839 2190 liberos
868 2133 1015 2211 perdidi),

106 2253 246 2324 alterum,
269 2251 350 2329 quod
375 2253 520 2327 permitto
543 2254 634 2307 servis
659 2270 779 2327 quoque
804 2257 889 2328 quasi
916 2261 1014 2312 testa—

106 2380 211 2429 menta
225 2371 324 2428 facere
340 2389 447 2447 eaque,
461 2376 496 2425 ut
509 2368 656 2445 legitima,
671 2371 816 2429 custodio.
861 2371 1015 2432 Mandant

107 2500 285 2570 rogantque,
300 2491 382 2570 quod
397 2494 511 2558 visum;
532 2510 623 2566 pareo
645 2498 680 2549 ut
701 2485 805 2549 iussus.
850 2491 1014 2565 Dividunt,

106 2614 232 2682 donant,
260 2610 438 2687 relinquunt
468 2610 627 2667 dumtaxat
654 2614 734 2667 intra
762 2611 904 2680 domum;
938 2633 1013 2672 nam

108 2740 201 2794 servis
223 2754 271 2792 res
295 2734 415 2810 publica
438 2733 587 2811 quaedam
612 2741 644 2790 et
666 2739 750 2811 quasi
775 2740 879 2794 civitas
901 2737 1013 2797 domus

107 2865 162 2914 est.
206 2856 277 2926 Sed,
300 2876 483 2933 quamquam
510 2855 557 2912 his
585 2855 701 2913 solaciis
731 2858 934 2935 adquiescam,
955 2859 1012 2918 de-

219 3029 232 3051 ‘2
248 3020 339 3070 Slaves
350 3018 428 3070 could
439 3025 487 3076 not
499 3019 561 3068 hold
573 3035 603 3069 or
615 3020 745 3086 bequeuth
757 3027 893 3088 property.

112 3129 168 3184 140
