2114 3440
309 186 398 244 THE
428 185 610 245 LETTERS
638 186 693 244 OF
722 185 849 243 PLINY

127 350 239 422 accipe.
284 345 379 420 Cupio
394 349 475 402 enim
491 353 523 401 et
538 347 593 401 tibi
608 345 768 420 probatum
784 352 816 400 et
831 343 1047 404 coheredibus

127 465 203 516 meis
219 468 394 517 excusatum
410 481 485 530 esse,
500 460 581 536 quod
596 481 645 516 me
660 461 698 516 ab
720 459 778 515 illis
799 463 912 515 maiore
938 462 1047 518 officie

128 576 254 633 iubente
268 595 401 633 secerno,

169 689 328 746 Corelliam
343 711 411 747 cum
427 711 543 748 summa
557 694 728 747 reverentia
742 689 837 766 diligo
852 693 995 766 primum
1013 715 1034 749 u

128 826 259 862 sororem
275 805 385 862 Corelli
408 806 484 876 Rufi,
500 809 583 863 cuius
597 805 672 862 milri
686 809 830 863 memoria
845 817 1047 874 sacrosanct-¹

129 927 185 988 est,
209 920 321 977 deinde
349 929 385 977 ut
409 925 498 979 matri
526 941 612 978 meae
641 921 911 978 familiarissimam.
959 923 1021 980 Sur

130 1035 205 1092 milri
220 1043 252 1092 et
267 1056 336 1093 cum
350 1041 459 1094 marito
474 1041 548 1107 eiuS,
564 1038 690 1094 Minicio
713 1037 808 1108 Iusto,
822 1039 940 1112 optimo
965 1024 1047 1094 viror

128 1159 232 1208 vetera
259 1156 343 1209 iura:
378 1151 503 1209 fuerunt
531 1160 564 1209 et
591 1172 660 1209 cum
695 1152 755 1208 filio
789 1157 930 1224 maxima,
962 1153 1023 1210 ade
1046 1147 1047 1154 ¹

128 1265 261 1341 quidem,
289 1274 325 1323 ut
352 1275 492 1344 praetore
526 1287 575 1324 me
610 1267 690 1324 ludis
724 1271 800 1325 meis
835 1269 1031 1351 praesederi-t

129 1381 226 1452 Haec,
241 1403 309 1440 cum
331 1388 466 1458 proxime
489 1388 557 1442 istic
581 1383 635 1454 fui,
658 1383 803 1441 indicavit
824 1383 899 1440 mihi
923 1405 1035 1461 cupere

127 1515 160 1553 se
174 1497 287 1574 aliquid
303 1502 380 1555 circa
396 1499 517 1556 Larium
538 1507 674 1557 nostrum
695 1499 858 1576 possidere.
902 1501 974 1578 Ego
997 1501 1043 1557 ill}¹

128 1631 165 1668 ex
180 1613 311 1688 praediis
325 1597 410 1684 meiS,¹
424 1615 506 1692 quod
520 1615 614 1673 vellet
629 1624 662 1674 et
682 1620 789 1693 quanti
810 1615 915 1687 vellet,
938 1593 1035 1696 οὺῐιᾷ1

128 1727 263 1803 esceptis
279 1728 414 1800 paternis
430 1729 657 1803 matemisque;
687 1725 733 1782 his
759 1729 841 1782 enim
862 1725 977 1784 cedere
999 1745 1047 1781 ne*

128 1833 275 1891 Corelliae
304 1834 427 1910 quidem
456 1855 585 1913 possum.
630 1836 729 1912 Igitur
756 1856 826 1892 cum
860 1837 1034 1894 obvenisset

127 1943 203 2000 mihi
217 1943 381 2015 hereditas,
396 1949 428 2001 in
442 1965 501 2023 qua
515 1946 639 2022 praedia
658 1928 724 2018 ista,
739 1950 845 2023 scripsi
866 1950 894 2003 ei
916 1945 1033 2004 venalia

128 2054 237 2112 futura.
282 2056 348 2112 Has
363 2055 507 2132 epistulas
529 2057 662 2114 Hermes
683 2057 756 2115 tulit
777 2061 987 2135 exigentique‚
1001 2060 1032 2111 ut

128 2141 231 2222 statim
246 2170 416 2241 portionem
431 2186 530 2223 meam
545 2168 601 2225 sibi
617 2167 784 2239 addiceret,
798 2171 906 2245 paruit.

171 2275 271 2346 Vides,
287 2295 377 2352 quam
392 2283 490 2333 ratum
505 2277 618 2334 habere
639 2277 778 2349 debeam,
800 2278 881 2356 quod
907 2279 1029 2338 libertus

127 2405 213 2443 meus
235 2391 311 2443 meis
333 2388 465 2444 moribus
488 2392 591 2464 gessit.
636 2387 792 2465 Superest,
814 2397 849 2446 ut
868 2385 1029 2446 coheredes

128 2518 226 2575 aequo
250 2502 351 2554 animo
374 2497 475 2556 ferant
499 2504 662 2577 separatim
684 2520 733 2558 me
754 2500 936 2571 vendidisse,
951 2492 1028 2577 quod

127 2608 202 2665 mihi
217 2609 303 2667 licuit
317 2614 440 2667 omnino
454 2631 516 2667 non
530 2611 672 2668 vendere.
717 2611 783 2668 Nec
797 2631 869 2668 vero
883 2614 1027 2688 coguntur
1046 2643 1047 2652 ι

128 2723 238 2776 imitari
266 2740 368 2778 meum
404 2722 596 2798 exemplum;
635 2742 696 2779 non
727 2727 809 2780 enim
838 2721 897 2779 illis
925 2719 1026 2779 eadem

128 2852 197 2888 cum
218 2831 346 2889 Corellia
369 2836 440 2890 iura.
486 2833 615 2891 Possunt
636 2853 710 2910 ergo
731 2837 843 2890 intueri
865 2833 1024 2890 utilitatem

127 2962 220 3014 suam,
236 2962 290 3018 pro
304 2963 363 3020 qua
376 2943 452 3000 milri
465 2943 523 3010 fuit
537 2949 676 3002 amicitia.
720 2945 801 3002 Vale.

130 3150 165 3200 κο
