2162 3438
306 155 395 211 ma
424 144 608 213 terreus
636 155 691 214 or
721 155 847 212 rmus

548 364 607 420 XX

330 510 361 566 C.
387 508 507 582 Primus
528 509 686 566 Vuuarom
709 508 770 566 Suo
792 508 821 567 S.

162 654 228 712 Tou
244 675 315 712 vero
329 655 459 731 epistula
473 660 560 712 tanto
571 655 646 711 mihi
659 654 818 712 iucundior
831 652 900 724 fuit,
916 661 1035 731 quanto

121 778 239 854 longior
262 784 338 848 erat,
359 773 537 852 praesertim
561 796 629 834 cum
654 775 693 832 de
721 775 832 832 libellis
859 779 938 832 meis
969 782 1035 832 tota
1063 791 1064 862 l

121 896 315 974 loqueretur;
337 915 412 973 quos
433 896 489 952 tibi
504 895 653 972 voluptati
676 915 741 953 esse
761 897 831 952 non'
843 899 948 966 miror,
964 915 1032 952 cum

121 1020 222 1072 omnia
236 1023 339 1073 nostra
354 1015 481 1092 perinde
495 1035 530 1070 ac
544 1034 598 1072 nos
613 1034 703 1072 ames.

164 1135 232 1211 lpse
262 1156 330 1192 cum
365 1139 495 1192 maxime
528 1135 695 1192 vindemias
729 1134 857 1210 graciles
892 1134 1030 1211 quidem,

121 1254 274 1311 uberiores
307 1261 411 1310 tamen
445 1273 535 1330 quam
567 1261 822 1330 exspectaveram,
853 1254 976 1330 colligo,
1006 1259 1028 1310 si

120 1374 263 1450 colligere
282 1382 337 1439 est,
354 1394 415 1430 non
437 1394 602 1451 numquam
622 1373 786 1451 decerpere
808 1395 906 1446 uvam,
927 1385 1028 1436 torcu-
1063 1333 1064 1424 l

121 1493 185 1550 lum
214 1497 354 1564 invisere,
384 1501 506 1569 gustare
535 1493 574 1549 de
603 1493 670 1550 lacu
702 1501 846 1564 mustum,
878 1495 1026 1572 obrepere

122 1614 253 1682 urbanis,
275 1616 326 1689 qui
348 1632 429 1669 nunc
452 1616 571 1669 rusticis
596 1620 742 1688 praesunt
765 1631 876 1689 meque
901 1619 1025 1672 notariis

119 1739 152 1788 et
165 1730 330 1788 lectoribus
345 1730 543 1808 reliquerunt.
588 1731 671 1788 Vale.

531 1991 606 2047 XXI

320 2141 352 2198 C.
377 2141 498 2197 Puruus
520 2139 684 2198 Siarumuo
706 2139 767 2198 Suo
789 2140 818 2200 S.

159 2291 309 2347 Lraaurus
338 2298 418 2360 tuus,
442 2293 491 2347 cui
519 2309 698 2348 succensere
726 2299 757 2348 te
786 2291 915 2364 dixeras
936 2299 1018 2352 venit

116 2427 155 2484 ad
183 2446 242 2496 me,
266 2425 487 2504 advolutusque
514 2427 643 2502 pedibus
671 2431 755 2496 meis¹
777 2437 930 2506 tamquam
957 2437 1015 2488 tuis

116 2563 222 2621 haesit.
266 2562 365 2620 Flevit
386 2563 526 2634 multum,
541 2562 732 2642 multumque
750 2570 877 2642 rogavit,
891 2567 1013 2650 multum

113 2705 208 2759 etiam
236 2705 355 2769 tacuit;
383 2704 414 2757 in
443 2720 568 2772 summa,
593 2701 668 2758 fecit
696 2703 770 2760 milri
797 2703 887 2761 fidem
916 2710 1012 2780 poeni-

115 2837 240 2890 tentiae.
284 2833 364 2890 Vere
386 2831 476 2888 credo
498 2833 705 2906 emendatum,
719 2839 790 2912 quia
809 2834 967 2913 deliquisse
981 2859 1009 2896 se

116 2967 218 3020 sentit.

119 3116 176 3153 220
