2162 3438
325 212 414 270 run
443 213 626 270 Lamnas
649 213 709 270 or
738 210 865 268 rrrnr
1069 187 1070 248 i

144 363 379 442 excusationem,
402 392 493 448 quam
520 380 625 429 tamen
652 372 759 429 dubito
781 393 820 428 an
845 373 902 429 tibi
930 373 1047 448 probari

143 476 243 535 velim.
288 467 342 535 Est
379 483 460 536 enim
495 483 604 536 summi
638 483 748 536 amoris
781 497 894 555 negare
930 483 1070 536 veniam}

144 585 284 642 brevibus
323 585 461 661 epistulis
497 590 671 656 amicorum,
707 590 843 664 quamvis
880 590 956 643 scias
993 585 1070 646 illisi

144 701 282 780 constare
297 698 454 751 rationem.
498 693 581 750 Vale.
1069 671 1070 716 l

575 929 622 986 111
995 1015 997 1018 Ι

363 1087 394 1144 C.
419 1088 540 1145 Pinnos
563 1089 696 1145 Panemo
718 1088 779 1146 Suo
801 1088 831 1147 S.

185 1249 277 1305 Arius
298 1247 400 1319 aliurn,
415 1268 472 1324 ego
494 1250 701 1306 beatissimum
717 1253 865 1320 existim0,
880 1253 932 1326 qui
954 1251 1053 1308 bonae
1069 1245 1070 1288 i

144 1379 362 1436 mansuraeque
377 1359 475 1416 famae
490 1364 736 1436 praesumptione
751 1359 917 1436 perfruitur
935 1370 1053 1419 certus-
1069 1337 1070 1374 }

143 1490 203 1547 que
227 1475 414 1547 posteritatis
437 1491 505 1528 cum
529 1471 631 1529 futura
656 1471 751 1548 gloria
773 1476 856 1530 vivit.
900 1473 946 1529 Ac
977 1475 1053 1531 mihi

143 1585 200 1639 nisi
221 1587 389 1658 praemium
410 1587 600 1640 aeternitatis
621 1565 693 1640 ante
715 1583 826 1654 oculos,
841 1588 956 1659 pingue
976 1584 1053 1641 illud

142 1692 299 1769 altumque
327 1698 423 1750 otium
451 1693 578 1769 placeat.
623 1693 747 1750 Etenim
775 1713 881 1751 omnes
908 1693 1051 1752 homines

141 1804 269 1861 arbitror
284 1813 422 1881 oportere
437 1812 491 1861 aut
512 1804 771 1862 immortalitatem
793 1824 877 1861 suam
896 1812 950 1861 aut
972 1825 1052 1862 mor-

141 1914 293 1972 talitatem
309 1919 452 1992 cogitare,
468 1924 501 1972 et
521 1915 588 1972 illos
609 1915 733 1991 quidem
749 1914 948 1984 contendere,
965 1919 1053 1984 eniti,

144 2025 198 2083 hos
226 2031 392 2102 quiescere,
420 2030 535 2084 remitti
564 2046 620 2083 nec
656 2027 778 2083 brevem
808 2031 901 2084 vitam
929 2027 1054 2085 caducis

144 2137 295 2195 laboribus
316 2136 454 2213 fatigare,
476 2144 511 2193 ut
533 2136 620 2193 video
642 2136 763 2207 multos
778 2140 887 2194 misera
908 2137 999 2194 simul
1024 2146 1054 2194 et

144 2253 263 2324 ingrata
277 2251 409 2323 imagine
424 2248 591 2304 industriae
605 2247 643 2304 ad
658 2246 807 2304 vilitatem
821 2227 867 2304 sdi
881 2251 1053 2322 pervenire.

147 2360 233 2415 Haec
255 2378 313 2434 ego
333 2366 445 2429 tecum,
460 2377 537 2435 quae
557 2357 693 2434 quotidie
713 2376 843 2428 mecum,
858 2365 893 2414 ut
914 2356 1054 2415 desinam

144 2489 274 2539 mecum,
289 2473 313 2526 si
335 2469 495 2528 dissenties
517 2477 571 2537 tu3
593 2488 774 2545 quamquam
796 2488 858 2525 non
878 2468 1055 2540 dissenties

145 2589 180 2638 ut
194 2585 246 2658 qui
260 2600 381 2656 semper
394 2581 506 2638 clarum
522 2581 636 2657 aliquid
652 2588 684 2637 et
695 2579 868 2637 immortale
883 2579 1054 2638 mediteris.

146 2679 230 2736 Vale.

180 2847 192 2869 ⁰
209 2837 249 2887 Cf.
262 2838 385 2903 Cowley:

295 2921 405 2970 “What
417 2920 485 2968 shall
497 2919 511 2968 I
523 2919 558 2968 do
569 2925 598 2968 to
609 2919 641 2968 be
653 2919 694 2968 for
706 2937 768 2968 ever
780 2920 886 2979 known,

318 2985 379 3035 And
392 2986 470 3034 make
481 2985 528 3034 the
540 3001 587 3048 age
600 2990 628 3034 to
639 3001 712 3034 corne
725 3002 770 3050 rny
783 3002 842 3034 own
852 2990 863 3034 t
872 2986 887 3007 '’
