2150 3444
313 273 402 332 THE
432 272 615 332 LETTERS
643 271 698 330 OF
727 271 854 330 PLlNY

515 531 646 589 LXXIV

306 691 337 748 C.
362 690 482 770 Parmos
503 690 641 748 Tnamuo
664 691 852 748 lucanarom

172 850 334 919 diuturne,
368 846 502 918 domine,
536 847 633 920 miles,
668 853 721 926 qui
756 856 804 906 est
836 852 869 904 in
905 853 1038 906 statione

133 945 357 1016 Nicomedensi,
387 950 506 1022 scripsit
533 945 608 1003 mihi
637 946 790 1023 quendam
818 951 944 1004 nomine
974 947 1038 1003 Cal-

131 1045 302 1116 lidromum,
326 1065 395 1102 cum
418 1044 609 1102 detineretur
631 1065 649 1100 a
675 1044 807 1101 Maximo
833 1053 865 1102 et
891 1045 1039 1123 Dionysio

132 1146 304 1221 pistoribus,
328 1144 437 1220 quibus
459 1128 565 1220 operas
587 1163 655 1201 suas
680 1143 842 1215 locaverat,
865 1143 1039 1221 confugisse

131 1243 170 1300 ad
205 1250 290 1300 tuam
325 1248 457 1298 statuam
492 1241 735 1319 perductumque
769 1242 809 1299 ad
843 1247 1041 1319 magistratus

132 1341 289 1410 indicasse,
313 1343 438 1397 servisse
466 1339 628 1416 aliquando
657 1339 786 1398 Laberio
814 1340 952 1398 Maximo
974 1361 1040 1416 cap-

132 1447 259 1515 tumque
285 1459 303 1496 a
324 1437 439 1514 Susago
462 1441 493 1494 in
520 1437 635 1495 Moesia
656 1446 689 1495 et
710 1459 728 1494 a
749 1437 896 1496 Decibalo
920 1441 1041 1496 muneri

132 1541 257 1594 missum
280 1537 400 1606 Pacoro,
424 1535 564 1594 Parthiae
585 1541 660 1614 regi,
681 1536 878 1615 pluribusque
899 1543 992 1596 annis
1014 1543 1042 1593 in

133 1639 302 1692 ministerio
326 1639 391 1692 eius
414 1634 517 1704 fuisse,
541 1634 655 1692 deinde
678 1634 792 1712 fugisse
816 1644 909 1713 atque
939 1640 987 1695 ita
1015 1642 1042 1692 iu

135 1732 345 1792 Nicomediam
359 1737 541 1810 pervenisse.

176 1833 276 1905 Quem
291 1851 349 1909 ego
362 1830 545 1908 perductum
558 1832 598 1889 ad
612 1852 672 1902 me,
682 1853 751 1889 cum
760 1832 867 1890 eadem
878 1841 1044 1902 narrasset,

134 1929 322 1989 mittendum
344 1929 382 1986 ad
403 1938 436 1988 te
458 1933 583 2006 putavi;
615 1930 696 2008 quod
719 1930 810 2008 paulo
831 1930 952 1989 tardius
978 1933 1045 2000 feci,

135 2029 209 2086 dum
223 2033 344 2106 requiro
358 2047 520 2105 gemmam,
529 2048 620 2106 quam
635 2030 691 2087 sibi
701 2027 867 2086 habentem
876 2033 1045 2107 imaginem

138 2127 251 2198 Pacori,
275 2136 307 2185 et
329 2128 437 2203 quibus
462 2127 656 2203 insignibus1
679 2135 803 2185 ornatus
831 2127 953 2199 fuisset,
977 2132 1045 2188 sub·

136 2234 265 2284 tractam
299 2225 461 2283 indicabat.
505 2223 594 2283 Volui
629 2229 710 2284 enim
745 2224 824 2283 hanc
858 2245 997 2304 quoque,
1027 2233 1047 2285 si

138 2328 266 2381 inveniri
303 2327 461 2400 potuisset,
490 2323 578 2380 simul
613 2328 747 2395 mittere,
775 2328 853 2382 sicut
887 2323 1048 2401 glebulam

139 2427 215 2494 misi,
231 2443 321 2500 quam
337 2442 368 2480 se
384 2442 421 2480 ex
444 2422 584 2480 Parthico
604 2421 730 2479 metallo
751 2423 889 2480 attulisse
910 2423 1047 2484 dicebat.

140 2522 266 2597 Signata
294 2529 341 2578 est
367 2520 481 2578 annulo
508 2540 587 2592 meo,
607 2525 692 2578 cuius
713 2528 761 2578 est
788 2521 1050 2600 aposphragisma,

140 2620 293 2698 quadriga.

415 2698 424 2729 ¹
442 2697 589 2764 insignibus
599 2701 662 2750 add.
679 2699 770 2750 Coton.

93 2877 96 2880 Ι
174 2823 186 2844 ⁰
204 2812 311 2862 Statuas
323 2813 350 2862 oi
368 2814 413 2863 the
425 2830 566 2878 emperors,
580 2831 647 2864 even
659 2814 756 2879 during
767 2815 839 2864 their
855 2815 984 2879 liietime,
1000 2819 1048 2870 had

142 2877 188 2924 the
200 2893 270 2925 same
283 2878 368 2942 rights
379 2879 407 2927 oi
418 2884 561 2944 sanctuary
573 2879 698 2930 attached
711 2885 740 2928 to
752 2881 826 2930 them
838 2896 867 2930 as
878 2881 934 2931 had
947 2888 1048 2936 certain

142 2940 225 2989 altar·
236 2941 289 2990 and
300 2947 402 2992 statue·
414 2943 442 2991 oi
454 2943 499 2992 the
510 2943 584 3008 gods.

147 3215 205 3274 374
