2114 3440
288 156 386 234 ‚Tus
414 173 598 232 surmus
625 173 680 230 or
709 173 836 231 amur

115 336 228 394 deinde
256 334 373 391 duobus
400 341 454 391 aut
480 334 577 390 tribus
604 332 692 409 lego;
727 352 797 389 mox
833 333 898 390 aliis
940 335 1045 391 tradi

115 433 289 492 adnotanda
323 441 470 509 notasque
504 451 616 502 eorum,
652 435 677 487 si
711 431 827 502 dubito,
862 451 939 489 cum
972 433 1045 490 unl

115 552 216 590 rursus
237 539 290 590 aut
310 531 407 588 altero
429 534 568 606 pensito;
588 533 749 587 novissime
768 530 905 606 pluribus
931 513 1045 588 recita*

115 650 160 702 ac,
175 633 199 688 si
214 629 287 706 quid
300 629 375 686 mihi
390 627 497 698 credis,
511 635 585 685 tunc
599 631 744 685 acerrime
760 626 898 686 emendo.
950 629 984 684 N
985 649 1045 698 arn

115 735 203 786 tanto
216 727 394 803 diligentius
408 732 523 802 quanto
543 724 701 783 sollicitius
715 725 851 783 intendo.
895 725 1045 802 Optime

95 833 220 882 ‘autem
254 827 436 895 reverentia,
470 822 576 898 pudor,
604 830 705 880 metus
739 823 896 892 iudicant3
932 823 1045 901 idque

115 924 192 981 adeo
217 927 259 980 sic
284 922 382 980 habe:
413 942 525 992 nonne,
547 925 572 978 si
594 920 749 980 locuturus
773 941 806 979 es
830 942 901 978 cum
923 922 1045 1000 aliquo

116 1021 284 1099 quamlibet
312 1021 411 1088 docto,
440 1040 501 1076 uno
535 1027 649 1091 tamen,
684 1013 784 1078 minus
815 1025 1043 1091 commoveriS,

116 1140 207 1197 quam
235 1123 259 1176 si
288 1139 358 1176 cum
384 1117 489 1176 multis
517 1119 566 1176 vel
594 1118 748 1176 indoctis?
803 1118 926 1189 Nonne,
959 1140 1043 1176 cum

116 1222 213 1295 surgis
237 1218 277 1275 ad
296 1217 460 1294 agendum,
481 1225 556 1275 tunc
580 1219 711 1274 maxime
735 1217 793 1274 tibi
813 1220 878 1293 ipse
904 1217 1039 1288 diffidis,

116 1328 190 1378 tunc
226 1327 420 1391 commutata,
455 1339 517 1375 non
555 1319 624 1376 dico
657 1317 797 1394 plurima,
832 1317 886 1376 sed
922 1323 1038 1374 omnia

117 1419 226 1494 cupis?
269 1417 384 1495 Utique
406 1423 430 1474 si
449 1417 538 1474 latior
559 1436 667 1474 scaena
686 1423 718 1473 et
741 1436 850 1474 corona
871 1415 1035 1484 diffusior3

116 1535 187 1572 nam
214 1515 281 1572 illos
309 1534 429 1592 quoque
457 1515 592 1572 sordidos
620 1514 811 1591 pullatosque
839 1505 1031 1573 reveremur.

117 1615 238 1685 Nonne,
258 1617 283 1670 si
301 1617 398 1689 prima
412 1632 550 1690 quaeque
565 1613 727 1688 improbari
741 1621 840 1688 putas,
855 1612 1031 1671 debilitaris

117 1719 150 1768 et
177 1711 331 1768 concidis?
387 1710 515 1787 Opinor,
542 1715 613 1787 quia
647 1714 679 1766 in
714 1730 841 1767 numero
875 1715 941 1787 ipso
976 1719 1030 1769 est

116 1809 270 1887 quoddam
283 1828 427 1885 magnum
447 1807 651 1885 collatumque
670 1809 838 1879 consilium,
853 1809 1026 1886 quibusque

116 1907 243 1985 singulis
256 1907 360 1964 iudicii
374 1927 489 1984 parum,
504 1909 642 1964 omnibus
656 1906 828 1983 plurimum.

158 2006 266 2082 ltaque
293 2005 475 2082 Pomponius
500 2004 667 2076 Secundus
687 2004 737 2061 hic
756 2009 884 2082 scriptor
904 2013 1022 2083 tragoe-

116 2105 243 2176 diarum,
268 2108 293 2161 si
318 2104 391 2182 quid
412 2103 491 2162 forte
514 2103 686 2161 familiarior
707 2107 821 2161 amicus
842 2103 1022 2176 tollendum,

118 2207 183 2279 ipse
206 2203 402 2260 retinendum
426 2203 632 2272 arbitraretur,
656 2202 759 2261 dicere
782 2202 922 2260 solebat:
951 2204 1021 2262 ‘Ad

117 2302 263 2379 populum
286 2302 433 2378 provoco’
455 2308 548 2378 atque
571 2306 614 2359 ita
639 2323 676 2359 ex
704 2302 808 2379 populi
829 2300 878 2359 vel
900 2302 1018 2360 silentio

118 2401 165 2458 vel
175 2401 304 2458 adsensu
316 2408 369 2457 aut
378 2420 462 2458 suam
471 2409 524 2458 aut
533 2404 621 2456 amici
633 2404 818 2458 sententiam
830 2402 1015 2478 sequebatur.

151 2571 163 2594 ²¹
180 2563 266 2612 There
283 2563 305 2611 is
322 2579 338 2612 a
355 2563 422 2612 kind
439 2563 467 2612 ol
483 2564 620 2613 witticism
637 2564 665 2612 in
682 2563 737 2612 this
755 2563 915 2627 expression,
932 2562 1013 2612 which

117 2628 174 2678 will
185 2628 217 2677 be
229 2628 282 2678 lost
293 2632 323 2677 to
334 2629 380 2678 the
392 2645 463 2678 mero
476 2629 585 2694 English
597 2628 699 2688 rsadsr,
709 2628 797 2678 unless
807 2629 840 2677 he
851 2628 883 2677 be
892 2627 1013 2678 iniormed

118 2694 178 2756 that
201 2694 248 2743 the
271 2694 386 2743 Romans
409 2693 461 2743 had
484 2711 500 2743 a
521 2694 651 2758 privilege
673 2693 816 2744 confirmed
839 2698 868 2742 to
889 2694 956 2743 them
978 2693 1013 2759 by

118 2759 220 2808 several
232 2758 297 2808 laws
308 2759 394 2808 which
407 2759 502 2824 passed
514 2761 542 2808 in
553 2760 600 2809 tho
612 2760 707 2810 earlier
717 2776 780 2824 ages
791 2759 819 2808 ol
835 2760 882 2808 the
893 2758 1010 2824 republic,

117 2824 145 2873 of
168 2825 308 2890 appealing
325 2825 393 2874 from
411 2826 457 2875 tho
474 2825 604 2875 decisions
622 2824 650 2874 of
672 2826 719 2874 the
739 2841 782 2874 ma
801 2826 907 2874 istrates
924 2831 949 2873 to
967 2825 1010 2874 the

117 2890 224 2954 general
235 2889 367 2954 assembly
378 2890 406 2939 oi
417 2891 464 2940 the
475 2890 584 2954 people:
603 2890 656 2939 and
668 2891 734 2953 they
745 2890 773 2940 di
808 2906 837 2938 so
852 2891 880 2939 in
894 2890 936 2938 the
947 2889 1008 2939 form

117 2955 145 3004 oi
167 2954 254 3004 words
276 2956 363 3004 which
391 2956 551 3020 Pomponius
580 2956 641 3008 hers
670 2955 771 3026 applies
799 2959 828 3006 to
856 2971 872 3008 a
897 2954 1008 3009 different

118 3036 240 3085 purpose.
279 3021 393 3084 (Molm.)

119 3133 156 3189 42
