2158 3436
326 206 415 264 THE
444 207 627 267 LETTERS
656 208 711 266 OF
740 209 866 266 PLINY

145 363 306 433 solverant,
321 364 481 422 decumam
493 370 610 423 remisi.
656 366 714 423 Per
727 367 784 424 hoc
799 372 881 425 enim
896 372 1054 444 aptissime

144 500 223 552 etin
237 501 437 572 praeteritum
452 499 578 574 singulis
592 518 646 575 pro
661 503 806 576 cuiusque
822 503 932 557 merito
954 503 1055 576 gratia

145 627 260 698 referri,
275 637 308 686 et
322 633 354 685 in
368 628 504 687 futurum
519 650 625 687 omnes
646 651 715 688 cum
737 631 775 688 ad
797 631 962 688 emendum
985 640 1055 688 tum

145 765 238 817 etiam
252 761 291 817 ad
305 761 484 819 solvendum
498 762 578 819 allici
593 763 784 830 videbantur„

186 892 300 968 Magno
315 893 389 949 mihi
404 914 456 951 seu
472 899 549 951 ratio
562 894 638 952 haec
653 915 706 953 seu
722 895 851 954 facilitas
866 901 974 966 stetit;
997 898 1054 955 sed

144 1024 203 1082 fuit
216 1029 304 1083 tanti.
349 1026 428 1083 Nam
442 1032 567 1104 regione
587 1037 654 1086 tota
675 1037 708 1087 et
729 1034 846 1087 novitas
867 1035 1066 1088 remissionis·

145 1166 177 1215 et
192 1158 288 1215 forma
302 1159 451 1218 laudatur.
495 1160 541 1217 Ex
555 1165 627 1238 ipsis
642 1166 745 1234 etiam,
760 1182 834 1239 quos
849 1183 911 1219 non
930 1183 1001 1234 una,
1018 1172 1055 1221 ut

144 1291 264 1363 dicitur,
283 1297 408 1369 pertica,
430 1294 486 1351 sed
509 1294 655 1352 distincte
677 1295 889 1372 gradatimque
911 1301 1054 1366 tractavi,

144 1432 258 1501 quanto
272 1431 339 1502 quis
353 1427 461 1483 melior
475 1435 508 1483 et
528 1429 658 1503 probior,
680 1435 768 1486 tanto
790 1427 864 1484 mihi
889 1428 1055 1504 obligatior

144 1560 219 1616 abiit
238 1566 383 1634 expertus
400 1579 461 1615 non
481 1579 547 1618 csse
566 1561 647 1638 apud
666 1581 727 1633 me,
742 1567 770 1622 ἐν
791 1561 820 1621 δὲ
842 1563 870 1639 ἰῇ
890 1563 958 1639 τιμῇ
981 1565 1055 1638 ἠμὲν

145 1692 229 1748 κακὸν
242 1691 290 1766 ἠδὲ
305 1691 350 1748 καὶ
365 1691 489 1752 ἐσθλόν.1
530 1691 614 1749 Vale.

573 1939 621 1996 lll

387 2087 418 2145 C.
436 2087 556 2145 Pmmris
571 2088 683 2145 Smaso
698 2086 759 2145 Suo
774 2086 803 2145 S.

187 2237 317 2307 Lmamr,
332 2256 423 2314 quem
438 2241 597 2294 novissime
612 2238 669 2294 tibi
682 2241 759 2307 misi,
771 2255 809 2293 ex
820 2238 959 2294 omnibus
973 2242 1051 2294 meis

145 2359 192 2416 vel
220 2364 350 2417 maxime
379 2360 499 2437 placere
527 2359 683 2435 significas.
728 2359 784 2417 Est
812 2359 919 2416 eadem
946 2363 1051 2434 opinio

145 2480 299 2537 cuiusdam
335 2480 537 2537 eruditissimi.
595 2479 664 2552 Quo
701 2483 798 2555 magis
835 2478 978 2549 adducor,
1016 2487 1051 2535 ut

145 2607 286 2656 neutrum
302 2599 366 2655 falli
381 2607 497 2676 putem,
512 2604 582 2677 quia
596 2620 658 2656 non
669 2607 717 2657 est
728 2598 874 2656 credibile
883 2606 1050 2675 utrumque

144 2719 218 2790 falli,
232 2728 266 2776 et
280 2723 349 2797 quia
363 2727 427 2777 tam
440 2719 580 2777 blandior
593 2719 677 2776 mihi.
721 2719 798 2777 Volo
812 2723 894 2777 enim
913 2722 1050 2793 proxima

144 2859 281 2918 quaeque
296 2840 515 2897 absolutissima
529 2839 626 2897 videri
640 2847 673 2897 et
686 2838 756 2896 ideo
769 2841 830 2895 iam
844 2856 925 2894 nunc
942 2845 1050 2895 contra

143 2963 234 3017 istum
249 2961 359 3017 librum
373 2960 461 3017 faveo
475 2963 613 3030 orationi,
627 2979 718 3036 quam
733 2978 831 3034 nuper
845 2961 876 3014 in
891 2956 1047 3032 publicum

490 3065 497 3096 ¹
517 3065 589 3114 Iliad
601 3066 636 3114 ix.
649 3067 704 3114 319.

145 3162 183 3231 96

351 3233 373 3278 ἱ
