2158 3436
311 215 399 272 THE
428 212 611 273 LETTERS
639 213 695 272 OF
722 213 849 272 PLINY

128 372 358 434 delicatissimus
385 380 519 432 amnium
554 375 684 452 ideoque
715 375 924 432 adiacentibus
953 373 1034 430 villis

128 483 213 540 velut
231 487 375 540 invitatus
396 490 604 559 retentusque,
619 500 729 559 magna
743 502 780 539 ex
795 489 881 558 parte
896 500 1035 552 nemora,

128 592 237 667 quibus
251 592 450 660 inumbratur,
464 588 558 666 fregit
579 598 612 648 et
633 594 750 665 rapuit;
772 590 889 646 subruit
910 597 1035 646 montes

112 691 161 755 ¹et
189 697 396 755 decidentium
424 696 504 754 mole
533 698 669 774 pluribus
696 695 770 754 locis
800 696 927 766 clausus,
957 695 1035 753 dum

128 807 270 860 amissum
284 807 343 861 iter
356 808 484 880 quaerit,
498 804 621 880 impulit
635 811 719 862 tecto
732 823 767 860 ac
782 823 814 861 se
825 822 916 880 super
929 807 1037 861 ruinas

128 913 219 966 eiecit
233 918 325 986 atque
340 909 458 967 extulit.

169 1015 329 1086 Viderunt,
352 1035 426 1093 quos
448 1016 660 1074 excelsioribus
682 1020 770 1074 terris
791 1016 843 1073 illa
862 1024 1037 1092 tempestas

128 1142 190 1179 non
212 1121 427 1198 deprehendit,
450 1122 521 1180 alibi
546 1122 675 1181 divitum
703 1131 873 1199 apparatae,
902 1130 935 1180 et
964 1143 1037 1200 gra-

128 1248 196 1284 vem
207 1228 440 1304 supellectilem,
454 1227 526 1286 alibi
546 1232 750 1286 instrumenta
764 1233 849 1298 ruris,
864 1229 907 1286 ibi
927 1229 1037 1301 boves

127 1344 234 1406 aratra,
257 1344 401 1407 rectores,
424 1317 473 1392 hic
496 1335 594 1394 soluta
617 1344 649 1393 et
669 1335 764 1393 libera
784 1343 923 1394 armenta
936 1344 1037 1414 atque

126 1445 208 1499 inter
221 1442 298 1498 haec
311 1444 451 1500 arborum
465 1451 588 1500 truncos
602 1450 656 1500 aut
670 1442 808 1499 villarum
821 1444 922 1501 trabes
937 1451 1038 1520 atque

128 1547 260 1604 culmina
274 1553 355 1605 varie
369 1548 493 1626 lateque
506 1550 664 1607 fluitantia.
718 1550 764 1606 Ac
779 1569 818 1606 ne
841 1549 892 1606 illa
906 1549 1038 1627 quidem

127 1655 207 1712 malo
221 1664 413 1726 vacaverunt,
427 1656 466 1714 ad
488 1677 565 1733 quae
581 1677 644 1714 non
657 1656 795 1742 ascendit
809 1660 913 1714 amnis.
952 1656 1038 1716 Nam

126 1783 181 1840 pro
195 1782 284 1820 amne
299 1764 397 1820 imber
406 1763 549 1822 adsiduus
564 1772 597 1821 et
610 1763 724 1821 deiecti
738 1764 1037 1865 nubibustturbines5

127 1877 250 1945 proruta
264 1889 365 1945 opera,
388 1871 496 1947 quibus
517 1874 650 1946 pretiosa
671 1889 739 1927 rura
757 1849 930 1946 cinguntur,
946 1891 1038 1947 quas·

126 1984 191 2034 sata
211 1984 305 2053 atque
326 1979 419 2034 etiam
439 1975 566 2034 decussa
593 1984 799 2034 monumenta.
844 1976 936 2034 Multi
966 1983 1037 2037 eius

126 2083 209 2140 modi
237 2085 353 2140 casibus
381 2083 542 2154 debilitati,
571 2085 682 2156 obruti,
710 2085 839 2153 obtriti3
874 2093 907 2142 et
941 2095 1037 2144 aucta

127 2188 257 2247 luctibus
272 2189 393 2247 damna.

103 2301 105 2306 '
169 2297 215 2353 Ne
237 2296 310 2373 quid
332 2297 429 2354 simile
450 2301 518 2356 istic
539 2317 593 2374 pro
614 2317 755 2355 mensura
775 2298 910 2374 periculi,
924 2318 1039 2358 vereor

126 2411 220 2480 teque
244 2423 327 2478 rogo,
350 2407 375 2460 si
397 2403 473 2461 nihil
494 2405 567 2475 tale,
587 2423 679 2481 quam
699 2409 899 2463 maturissime
920 2405 1038 2465 sollici-

127 2510 227 2566 tudini
241 2529 327 2566 meae
337 2510 484 2582 consulaS,
493 2512 557 2582 sed,
567 2515 632 2569 etsi
643 2507 716 2582 tale,
725 2511 756 2568 id
767 2529 887 2590 quoque
896 2517 1035 2572 nunties

128 2615 207 2672 Nam
221 2615 379 2691 parvulum
394 2615 506 2688 differt,
520 2621 644 2695 patiaris
658 2617 784 2675 adversa
797 2637 837 2674 an
851 2627 1037 2694 exspectes:

127 2726 185 2779 nisi
199 2723 281 2800 quod
295 2731 399 2781 tamen
414 2733 462 2781 est
482 2725 607 2782 dolendi
621 2725 737 2795 modus
752 2745 814 2782 non
829 2732 876 2782 est
884 2697 1035 2787 timendi.

129 2827 241 2887 Doleas
256 2835 347 2902 enim,
362 2837 511 2907 quantum
532 2836 607 2888 scias
628 2832 781 2906 accidisse,
803 2838 921 2903 timeaS,
936 2853 1036 2912 quan-

127 2943 193 2992 tum
208 2941 302 3012 possit
316 2933 461 3057 accidere.
505 2929 588 3019 liele.
660 2909 696 2942 ’θ’
736 2912 747 2930 ⁹

153 3173 188 3225 14
