2114 3440
281 239 369 297 THE
398 238 582 300 LETTERS
610 240 664 298 OF
694 239 819 298 PLINY

99 401 278 476 cebantque.
322 399 401 456 Nam
414 403 524 456 mirum
539 407 595 471 est,
610 408 645 457 ut
659 399 706 458 his
720 400 871 476 opusculis
885 405 1007 458 animus
1049 410 1050 420 ¹

99 513 277 571 intendatur
304 517 545 591 remittaturque.
592 514 753 591 Recipiunt
774 519 855 571 enim
876 534 1007 586 amores,

100 628 177 700 odia,
201 632 267 699 iras,
296 628 540 698 misericordiam,
563 630 777 699 urbanitatem,
799 633 899 686 omnia
921 629 1008 686 deni-

99 766 170 823 que,
197 767 274 823 quae
299 750 331 803 in
356 749 418 803 vita
445 753 538 823 atque
568 749 661 802 etiam
694 750 724 802 in
753 745 818 803 foro
846 750 1007 824 causisque

100 868 265 918 versantur.
325 860 409 917 Inest
447 859 494 917 his
529 880 649 937 quoque
685 860 792 918 eadem
827 880 904 937 quae
938 860 1008 918 aliis

100 976 281 1032 carminibus
296 974 420 1044 utilitas,
436 974 517 1052 quod
533 980 624 1033 metri
645 980 827 1034 necessitate
848 975 1006 1034 devinctil

99 1090 198 1148 soluta
221 1094 357 1147 oratione
376 1089 524 1148 laetamur
546 1098 587 1162 et,
609 1091 691 1167 quod
712 1090 828 1168 facilius
847 1109 912 1148 esse
927 1110 1014 1164 com-z

99 1208 215 1280 paratio
229 1204 374 1275 ostendit,
388 1205 532 1263 libentius
553 1207 717 1263 scribimus

143 1321 248 1379 Habes
258 1321 344 1398 plura
354 1325 447 1380 etiam
458 1322 594 1392 fortasse,
609 1340 699 1397 quam
713 1323 894 1399 requirebas,
910 1342 1006 1380 unum

100 1445 203 1495 tamen
228 1441 322 1494 omisi.
366 1437 436 1494 Non
460 1441 541 1494 enim
567 1436 639 1506 dixi,
657 1456 742 1516 ¹quae
771 1437 902 1513 legenda
929 1439 1006 1496 arbi-

100 1561 213 1620 trarer3
243 1572 424 1630 quamquam
460 1553 532 1622 dixi,
561 1571 630 1609 cum
658 1552 802 1624 dicerem,
830 1572 908 1629 quae
936 1559 1006 1611 scri-

100 1669 208 1727 benda.
252 1668 297 1726 Tu
313 1672 487 1726 memineris
501 1672 547 1724 sui
562 1671 706 1744 cuiusque
724 1671 845 1744 generis
866 1676 1007 1726 auctores

99 1785 265 1861 diligenter
289 1784 411 1860 eligere.
455 1783 552 1840 Aiunt
574 1787 656 1840 enim
680 1782 811 1840 multum
838 1782 1007 1860 legendum

100 1921 176 1972 esse,
198 1920 260 1956 non
288 1899 391 1956 multa.
436 1897 497 1969 Qui
522 1902 584 1956 sint
608 1897 649 1968 hi,
672 1896 749 1955 adeo
772 1905 878 1956 notum
901 1899 1008 1974 proba-

100 2014 250 2093 tumque²
265 2022 321 2084 est,
337 2022 372 2071 ut
386 2013 645 2071 demonstratione
660 2032 723 2070 non
744 2021 854 2088 egeat;
883 2020 915 2070 et
935 2013 1008 2070 alio·

100 2135 228 2210 quitum
243 2128 403 2187 immodice
425 2127 586 2205 epistulam
609 2127 744 2198 extendi,
771 2135 816 2199 ut,
840 2127 914 2185 dum
935 2130 1005 2201 tibi,

100 2265 191 2324 quem
212 2245 251 2302 ad
272 2244 396 2302 modum
421 2243 544 2302 studere
572 2242 694 2313 debeas,
716 2241 838 2326 suadeo,
860 2242 1009 2301 studendi

99 2371 221 2439 tempus
234 2360 418 2420 abstulerim.
463 2360 546 2432 Quin
561 2379 634 2436 ergo
648 2359 811 2436 pugillares
825 2364 951 2417 resumis
973 2368 1009 2418 et

100 2477 213 2554 aliquid
228 2497 265 2534 ex
280 2476 326 2533 his
341 2475 389 2533 vel
404 2475 486 2534 istud
500 2479 608 2551 ipsum,
619 2474 700 2552 quod
715 2493 867 2550 coeperas,
879 2475 1007 2531 scribis?

100 2593 183 2650 Vale.

133 2723 142 2753 ¹
159 2723 277 2773 devincti
290 2723 390 2786 Dpra,
404 2721 512 2784 Bipoaa,
526 2720 632 2778 Miller,
646 2719 778 2768 devinctis
790 2720 830 2782 M,
844 2718 965 2768 defuncti
979 2719 1007 2768 Κ

42 2785 45 2789 ’
101 2789 140 2838 II.
156 2791 233 2848 (aaut.
247 2787 351 2848 Baria,
367 2787 478 2846 (lenter).

132 2855 143 2884 ‘³
159 2854 351 2919 probatumque
361 2854 395 2902 M
395 2891 401 2912 ‚
417 2851 522 2914 Bipona,
535 2851 567 2909 K,
577 2855 803 2915 pervagatumque
813 2849 879 2910 Orto,
894 2850 1003 2910 divilier,

100 2925 324 2986 provocatumque
337 2919 364 2969 D
367 2935 438 2983 pra,
452 2917 690 2984 pervulgatumque
701 2916 830 2980 Sclaefer.

102 3196 138 3252 26
