2114 3440
227 220 838 298 'mmmmmmffl

541 473 596 528 XV

311 630 342 689 C.
368 631 488 688 Parmos
509 629 687 688 Saruanruo
709 629 770 688 Suo
793 629 821 687 S.

155 788 306 859 Raournrs,
335 789 408 866 quid
442 809 539 865 agam.
597 789 684 861 Quae
720 793 820 857 nosti;
855 788 1035 866 distringor

115 896 220 967 officio,
243 901 347 954 amicis
371 897 518 968 deservio,
540 896 650 954 studeo
674 895 840 968 interdurn,
862 895 945 972 quod
961 917 1034 955 non

114 1002 279 1073 interdum,
304 1002 358 1060 sed
383 1003 479 1060 solum
505 1022 685 1080 semperque
710 1003 810 1060 facere
834 1023 894 1059 non
922 1005 1035 1063 audeo

114 1109 215 1166 dicere
240 1114 362 1181 rectius,
385 1117 468 1175 certe
493 1112 612 1168 beatius
635 1118 708 1167 erat.
753 1108 797 1166 Te
824 1109 883 1166 alia
910 1117 1033 1182 omnia,

115 1235 205 1292 quarn
220 1234 297 1293 quae
312 1216 395 1288 velis,
410 1235 501 1292 agere
516 1216 645 1274 moleste
667 1216 788 1288 ferrem,
804 1219 861 1272 nisi
882 1234 929 1286 ea,
944 1235 1034 1293 quae

114 1329 188 1400 agis,
203 1332 307 1382 essent
325 1322 546 1381 honestissima.
590 1323 668 1380 Nam
690 1331 722 1380 et
743 1322 927 1398 reipublicae
950 1342 1033 1382 suae

114 1435 238 1506 negotia
266 1451 370 1488 curare
400 1439 433 1488 et
463 1430 635 1506 disceptare
669 1435 750 1488 inter
784 1433 895 1486 amicos
931 1429 1033 1490 laude

114 1536 326 1613 dignissimum
342 1545 397 1594 est.

156 1642 248 1700 Prisci
262 1646 356 1700 nostri
372 1643 606 1700 contubernium
620 1643 786 1701 iucundum
803 1644 860 1702 tibi
882 1643 1031 1704 futurum

114 1751 254 1808 sciebam.
316 1750 467 1807 Noveram
502 1750 729 1826 simplicitatem
764 1755 839 1822 eius,
875 1769 1030 1810 noveram

114 1861 309 1925 comitatem
340 1857 472 1914 eundem
497 1877 572 1929 esse,
595 1857 676 1935 quod
699 1861 798 1916 minus
822 1877 935 1929 noram,
957 1879 1032 1935 gra-

113 1969 263 2022 tissimum
277 1969 424 2040 experior,
440 1985 509 2022 cum
524 1971 588 2021 tam
608 1965 741 2023 iucunde
764 1965 927 2022 officiorum
953 1985 1029 2025 nos-

114 2080 230 2152 trorum
244 2076 416 2129 meminisse
432 2091 503 2129 eum
517 2073 636 2130 scribas.
680 2072 763 2129 Vale.

527 2351 601 2410 XVI

236 2495 267 2554 C.
291 2496 412 2554 Parums
434 2496 554 2554 Faaaro
577 2495 751 2554 Pnosocano
773 2496 834 2555 Suo
856 2496 885 2555 S.

155 2641 345 2699 Catusrnrun
356 2641 498 2700 Tironem
506 2641 737 2700 familiarissime
747 2642 841 2720 diligo
852 2650 885 2701 et
896 2647 1029 2721 privatis

114 2749 189 2805 mihi
203 2758 236 2807 et
249 2749 377 2825 publicis
396 2747 672 2808 necessitudinibus
690 2750 879 2827 implicitum.
924 2749 1029 2814 Simul

114 2854 317 2925 militavimus,
337 2855 425 2913 simul
448 2862 623 2933 quaestores
646 2855 780 2914 Caesaris
798 2856 918 2915 fuimus.
964 2859 1029 2922 Ille

114 2978 165 3016 me
179 2964 210 3016 in
224 2962 380 3019 tribunatu
402 2962 565 3020 liberorum
587 2966 652 3020 iure
673 2967 847 3038 praecessit,
861 2981 920 3040 ego
934 2963 1027 3028 illum

119 3059 1024 3082 --———...-—„

180 3100 193 3122 ⁰
209 3092 265 3143 The
276 3093 372 3158 charge
383 3094 411 3143 of
423 3094 469 3143 the
481 3093 571 3158 publio
582 3099 712 3158 treasury.
781 3096 791 3127 ⁶
808 3093 856 3146 Sea
867 3096 912 3146 vii
927 3097 951 3146 8.

116 3186 157 3256 36

837 3249 854 3274 D
