2150 3444
304 232 393 290 THE
425 231 609 291 LETTERS
638 231 693 290 OF
723 231 849 290 PLlNY

122 394 251 447 civitatis
265 389 366 466 legem
381 398 456 467 puto
469 409 476 458 ;
498 390 613 471 scilicet
626 391 769 449 adversus
784 411 845 462 eoS,
868 397 923 469 qui
946 397 1031 450 inviti

122 509 199 566 fiunt
226 509 415 580 decuriones,
443 509 474 566 id
503 513 642 568 existimo
663 518 799 581 ,acturos
828 519 864 568 ut
893 517 1030 588 erogatio

123 633 234 687 ceteris
248 628 445 706 praeferatur.

527 885 626 944 CXIV

301 1044 333 1101 C.
358 1045 478 1101 Puinuus
500 1043 638 1101 Turrino
661 1044 849 1101 lurnnororu
1056 1029 1057 1098 l

163 1202 256 1272 Leon,
291 1203 423 1273 domine,
459 1202 612 1278 Pompeia,
646 1206 825 1278 permissum
860 1202 1029 1282 Bithynicis

124 1320 297 1377 civitatibus
320 1318 490 1375 adscribere
514 1319 580 1388 sibi,
602 1337 676 1395 quos
697 1316 823 1387 vellent,
845 1321 939 1389 cives,
964 1320 1030 1377 dum
1057 1359 1058 1402 i

123 1455 277 1512 nequem
300 1454 403 1491 earum
427 1433 604 1491 civitatum¹
627 1452 705 1510 quae
728 1436 853 1490 suntin
877 1432 1029 1512 Bithynia.

124 1550 239 1607 Eadem
254 1550 323 1626 lege
339 1553 481 1620 sancitur,
495 1549 604 1625 quibus
618 1548 658 1605 de
675 1552 771 1606 causis
792 1567 809 1605 e
832 1557 945 1607 senatu
966 1570 1031 1607 cen-

124 1666 238 1722 soribus
261 1668 415 1721 eiciantur.
460 1662 537 1720 Inde
562 1683 611 1721 me
636 1662 760 1740 quidam
789 1682 826 1720 ex
855 1666 1030 1722 censoribus
1058 1708 1059 1784 1

124 1779 343 1836 consulendum
367 1785 562 1854 putaverunt,
586 1797 626 1833 an
650 1780 748 1834 eicere
772 1776 927 1836 deberent
954 1799 1031 1846 eum,

123 1898 175 1971 qui
204 1902 284 1951 esset
312 1892 435 1949 alterius
471 1895 608 1949 civitatis
666 1891 741 1967 Ego,
771 1895 841 1969 quia
875 1892 927 1950 lex
957 1899 1031 1951 sicut

124 2008 253 2066 adscribi
274 2012 370 2065 civem
392 2007 526 2065 alienum
545 2007 678 2078 vetabat,
692 2011 735 2064 ita
754 2010 811 2065 eici
829 2027 846 2064 e
863 2017 976 2067 senatu
997 2009 1031 2066 ob

125 2123 203 2180 hanc
217 2142 337 2180 causam
352 2141 413 2179 non
427 2123 562 2193 iubebat,
573 2129 731 2198 praeterea
745 2126 815 2199 quia
829 2124 868 2180 ab
882 2123 1032 2200 aliquibus

124 2239 339 2296 adfirmabatur
365 2236 450 2308 mihi,
478 2241 510 2294 in
538 2242 621 2294 omni
646 2241 768 2294 civitate
797 2237 944 2313 plurimos
966 2259 1030 2297 esse

126 2352 265 2410 buleutas
290 2371 328 2408 ex
351 2350 417 2408 aliis
445 2351 626 2421 civitatibus
651 2349 848 2427 futurumque
879 2359 915 2408 ut
943 2353 1031 2409 multi

125 2468 263 2525 homines
278 2466 453 2543 multaeque
471 2469 609 2524 civitates
631 2473 866 2523 concuterentur
886 2485 922 2523 ea
942 2475 1029 2543 parte

126 2583 212 2660 legis,
227 2601 304 2659 quae
327 2580 506 2658 iampridem
525 2600 673 2639 consensu
691 2581 821 2658 quodam
841 2580 1029 2647 exolevisset,

127 2701 328 2754 necessarium
343 2700 511 2753 existimavi
526 2696 682 2753 consulere
700 2705 743 2767 te,
758 2695 832 2774 quid
851 2697 1029 2755 servandum

128 2810 257 2875 putares
301 2801 407 2876 Capita
421 2803 497 2877 legis
510 2801 558 2857 his
573 2802 683 2858 litteris
697 2803 819 2859 subieci.

160 2931 167 2960 ¹
186 2931 247 2978 dum
261 2949 382 2995 nequem
395 2901 483 2981 curum
496 2936 558 2993 ciu,
573 2935 605 2994 B,
619 2935 680 2983 duur
697 2951 780 3000 neque
793 2953 893 2986 merum
906 2937 967 2996 civ„
980 2939 1025 2987 Ar.

478 3056 491 3078 ‘²
508 3049 590 3100 lxxix.
605 3055 674 3100 note.

128 3174 185 3224 4²2
