2160 3438
303 182 391 238 THE
421 181 604 239 LETTERS
634 181 688 239 OF
712 180 839 238 PLINY

519 438 624 495 XXXI

297 597 328 654 C.
353 597 473 655 Primus
494 597 632 655 Tamara
654 597 842 654 iurantium

163 761 258 818 Saum
307 758 519 835 magnitudine
567 765 630 828 tua,
679 757 812 827 domine,
857 756 1033 814 descendas

122 878 244 949 oportet
257 871 294 928 ad
311 889 393 927 meas
409 889 503 939 curaS,
519 889 587 926 cum
602 872 648 925 ius
658 869 733 925 mihi
742 867 863 926 dederis
872 865 1032 925 referendi

122 982 161 1040 ad
183 990 224 1052 te,
248 981 288 1038 de
313 982 421 1058 quibus
446 980 561 1038 dubito.
605 980 643 1037 In
665 979 818 1056 plerisque
842 981 1032 1048 civitatibus
1063 1013 1064 1088 q

122 1096 252 1149 maxime
268 1091 463 1149 Nicomediae
485 1099 517 1148 et
538 1091 661 1161 Niceae,
683 1090 806 1168 quidam
827 1089 875 1147 vel
896 1094 930 1146 in
954 1109 1033 1167 opus
1063 1131 1064 1160 ,

123 1203 259 1262 damnati
302 1203 350 1260 vel
391 1207 424 1259 in
464 1202 570 1260 ludum
615 1203 783 1279 similiaque
823 1201 870 1260 his
912 1221 1032 1277 genera
1063 1193 1064 1200 ἵ

123 1334 289 1391 poenarum
303 1315 492 1391 publicorum
507 1334 660 1372 servorum
681 1314 777 1371 officio
797 1317 1032 1391 ministerioque
1063 1365 1064 1404 q

123 1420 294 1497 funguntur
331 1429 423 1498 atque
463 1425 555 1478 etiam
593 1428 629 1478 ut
666 1420 780 1496 publici
814 1424 892 1478 servi
927 1440 1032 1478 annua
1063 1409 1064 1446 l

123 1534 284 1607 accipiunt.
328 1529 419 1601 Quod
433 1551 490 1606 ego
505 1550 573 1588 cum
588 1530 747 1601 audissem,
762 1529 815 1588 diu
834 1530 1031 1608 multumque

124 1642 280 1711 haesitavi,
304 1641 377 1717 quid
405 1641 504 1699 iacere
534 1642 686 1698 deberem.
732 1642 809 1698 Nam
838 1649 870 1699 et
897 1641 1029 1699 reddere

124 1772 241 1830 poenae
255 1759 324 1828 post
338 1751 463 1828 longum
478 1760 599 1828 tempus
613 1752 774 1830 plerosque
794 1757 854 1809 iam
875 1772 966 1811 senes
988 1761 1028 1822 et,

126 1871 273 1940 quantum
294 1861 478 1934 adfirmatur,
493 1863 651 1940 frugaliter
669 1862 868 1940 modesteque
890 1867 1029 1922 viventes

125 1976 214 2030 nimis
251 1992 389 2031 severum
426 1975 601 2045 arbitrabar,
631 1983 663 2032 et
697 1977 729 2031 in
763 1973 892 2051 publicis
926 1975 1028 2031 officiis

126 2087 259 2144 retinere
287 2082 447 2141 damnatos
475 2104 537 2141 non
566 2089 637 2143 satis
666 2083 830 2143 honestum
864 2086 1027 2161 putabam3

127 2194 250 2252 eosdem
272 2213 374 2252 rursus
394 2214 412 2251 a
433 2195 588 2272 republica
609 2200 691 2272 pasci
707 2199 819 2253 otiosos
833 2195 952 2266 inutile,
967 2217 1027 2254 non

127 2309 207 2382 pasci
235 2308 328 2362 etiam
355 2305 557 2382 periculosum
586 2307 802 2364 existimabam.
853 2305 1028 2364 Necessario

128 2435 201 2491 ergo
229 2434 293 2472 rem
321 2421 428 2486 totam,
454 2415 527 2474 dum
549 2425 582 2474 te
606 2417 806 2488 consulerem,
828 2421 860 2474 in
882 2437 1028 2494 suspenso

127 2523 242 2600 reliqui.

169 2633 305 2704 Quaeres
328 2635 463 2708 fortasse,
487 2657 577 2714 quem
602 2638 641 2695 ad
668 2638 793 2696 modum
820 2643 966 2710 evenerit,
993 2649 1029 2698 ut

129 2750 243 2820 poenis,
267 2751 299 2803 in
327 2767 400 2825 quas
428 2747 492 2805 dati
520 2757 617 2819 erant,
640 2750 885 2818 exsolverentur3
917 2758 949 2808 et
970 2771 1028 2828 ego

129 2861 271 2932 quaesivi,
283 2859 337 2916 sed
348 2859 423 2916 nihil
433 2865 575 2936 comperi,
586 2861 667 2938 quod
678 2860 836 2920 adfirmare
844 2863 900 2920 tibi
909 2868 1025 2938 possim.

471 3025 484 3049 ⁰
501 3033 527 3065 x.
542 3019 581 3078 19,
594 3025 664 3070 note.

131 3122 190 3177 314
