<?xml version="1.0" encoding="UTF-8"?>
<!DOCTYPE html PUBLIC "-//W3C//DTD XHTML 1.0 Transitional//EN"
    "http://www.w3.org/TR/xhtml1/DTD/xhtml1-transitional.dtd">
<html xmlns="http://www.w3.org/1999/xhtml" xml:lang="en" lang="en">
 <head>
  <title>
</title>
<meta http-equiv="Content-Type" content="text/html;charset=utf-8" />
  <meta name='ocr-system' content='tesseract 3.04.00' />
  <meta name='ocr-capabilities' content='ocr_page ocr_carea ocr_par ocr_line ocrx_word'/>
</head>
<body>
  <div class='ocr_page' id='page_1' title='image "./letters01hutcgoog/letters01hutcgoog_0176.png"; bbox 0 0 2158 3436; ppageno 0'>
   <div class='ocr_carea' id='block_1_1' title="bbox 322 203 863 262">
    <p class='ocr_par' dir='ltr' id='par_1_1' title="bbox 322 203 863 262">
     <span class='ocr_line' id='line_1_1' title="bbox 322 203 863 262; baseline -0.002 -1"><span class='ocrx_word' id='word_1_1' title='bbox 322 205 411 262; x_wconf 88' lang='lat' dir='ltr'><strong>THE</strong></span> <span class='ocrx_word' id='word_1_2' title='bbox 440 203 623 262; x_wconf 85' lang='lat' dir='ltr'>LETTERS</span> <span class='ocrx_word' id='word_1_3' title='bbox 652 204 707 261; x_wconf 90' lang='lat' dir='ltr'><strong>OF</strong></span> <span class='ocrx_word' id='word_1_4' title='bbox 737 204 863 261; x_wconf 89' lang='lat' dir='ltr'>PLINY</span> 
     </span>
    </p>
   </div>
   <div class='ocr_carea' id='block_1_2' title="bbox 140 361 1065 439">
    <p class='ocr_par' dir='ltr' id='par_1_2' title="bbox 140 361 1065 439">
     <span class='ocr_line' id='line_1_2' title="bbox 140 361 1065 439; baseline -0.001 -21"><span class='ocrx_word' id='word_1_5' title='bbox 140 361 239 418; x_wconf 86' lang='lat' dir='ltr'><strong>ditum</strong></span> <span class='ocrx_word' id='word_1_6' title='bbox 271 370 354 418; x_wconf 85' lang='lat' dir='ltr'><strong>meat</strong></span> <span class='ocrx_word' id='word_1_7' title='bbox 388 382 423 417; x_wconf 90' lang='lat' dir='ltr'><strong>ac</strong></span> <span class='ocrx_word' id='word_1_8' title='bbox 452 366 476 418; x_wconf 90' lang='lat' dir='ltr'><strong>si</strong></span> <span class='ocrx_word' id='word_1_9' title='bbox 507 362 590 438; x_wconf 88' lang='lat' dir='ltr'><strong>quid,</strong></span> <span class='ocrx_word' id='word_1_10' title='bbox 623 371 787 439; x_wconf 84' lang='lat' dir='ltr'><strong>antequam</strong></span> <span class='ocrx_word' id='word_1_11' title='bbox 816 361 1065 430; x_wconf 62' lang='lat' dir='ltr'><strong>subduceretur,</strong></span> 
     </span>
    </p>
   </div>
   <div class='ocr_carea' id='block_1_3' title="bbox 140 467 568 545">
    <p class='ocr_par' dir='ltr' id='par_1_3' title="bbox 140 453 1065 588">
     <span class='ocr_line' id='line_1_3' title="bbox 140 467 568 545; baseline -0.014 -21"><span class='ocrx_word' id='word_1_12' title='bbox 140 471 268 545; x_wconf 87' lang='lat' dir='ltr'><strong>accepit,</strong></span> <span class='ocrx_word' id='word_1_13' title='bbox 284 476 384 526; x_wconf 84' lang='lat' dir='ltr'><strong>servat</strong></span> <span class='ocrx_word' id='word_1_14' title='bbox 399 476 431 524; x_wconf 89' lang='lat' dir='ltr'><strong>et</strong></span> <span class='ocrx_word' id='word_1_15' title='bbox 445 467 568 543; x_wconf 82' lang='lat' dir='ltr'><strong>profert.</strong></span> 
     </span>
    </p>
   </div>
   <div class='ocr_carea' id='block_1_4' title="bbox 141 574 1065 770">
    <p class='ocr_par' dir='ltr' id='par_1_4' title="bbox 141 574 1065 770">
     <span class='ocr_line' id='line_1_4' title="bbox 183 574 1065 651; baseline 0.002 -21"><span class='ocrx_word' id='word_1_16' title='bbox 183 574 271 631; x_wconf 89' lang='lat' dir='ltr'><strong>Haec</strong></span> <span class='ocrx_word' id='word_1_17' title='bbox 298 575 355 632; x_wconf 93' lang='lat' dir='ltr'><strong>tibi</strong></span> <span class='ocrx_word' id='word_1_18' title='bbox 383 577 496 650; x_wconf 86' lang='lat' dir='ltr'>scripsi,</span> <span class='ocrx_word' id='word_1_19' title='bbox 514 579 584 651; x_wconf 91' lang='lat' dir='ltr'><strong>quia</strong></span> <span class='ocrx_word' id='word_1_20' title='bbox 612 594 670 632; x_wconf 89' lang='lat' dir='ltr'><strong>nec</strong></span> <span class='ocrx_word' id='word_1_21' title='bbox 699 579 799 632; x_wconf 93' lang='lat' dir='ltr'><strong>minus</strong></span> <span class='ocrx_word' id='word_1_22' title='bbox 823 579 931 650; x_wconf 82' lang='lat' dir='ltr'><strong>ignota</strong></span> <span class='ocrx_word' id='word_1_23' title='bbox 960 593 1065 651; x_wconf 63' lang='lat' dir='ltr'><strong>quam}</strong></span> 
     </span>
     <span class='ocr_line' id='line_1_5' title="bbox 141 679 1065 770; baseline 0.001 -34"><span class='ocrx_word' id='word_1_24' title='bbox 141 679 216 736; x_wconf 93' lang='lat' dir='ltr'><strong>mihi</strong></span> <span class='ocrx_word' id='word_1_25' title='bbox 239 700 297 738; x_wconf 92' lang='lat' dir='ltr'><strong>nec</strong></span> <span class='ocrx_word' id='word_1_26' title='bbox 321 684 421 737; x_wconf 92' lang='lat' dir='ltr'><strong>minus</strong></span> <span class='ocrx_word' id='word_1_27' title='bbox 442 688 529 756; x_wconf 84' lang='lat' dir='ltr'><strong>grata</strong></span> <span class='ocrx_word' id='word_1_28' title='bbox 547 681 717 738; x_wconf 74' lang='lat' dir='ltr'>credebam.</span> <span class='ocrx_word' id='word_1_29' title='bbox 760 682 840 737; x_wconf 85' lang='lat' dir='ltr'><strong>Nam</strong></span> <span class='ocrx_word' id='word_1_30' title='bbox 862 689 895 739; x_wconf 91' lang='lat' dir='ltr'><strong>te</strong></span> <span class='ocrx_word' id='word_1_31' title='bbox 918 697 1065 770; x_wconf 39' lang='lat' dir='ltr'><strong>quoque,</strong></span> 
     </span>
    </p>
   </div>
   <div class='ocr_carea' id='block_1_5' title="bbox 142 786 1051 864">
    <p class='ocr_par' dir='ltr' id='par_1_5' title="bbox 142 786 1051 864">
     <span class='ocr_line' id='line_1_6' title="bbox 142 786 1051 864; baseline 0 -21"><span class='ocrx_word' id='word_1_32' title='bbox 142 794 177 844; x_wconf 90' lang='lat' dir='ltr'><strong>ut</strong></span> <span class='ocrx_word' id='word_1_33' title='bbox 204 807 265 857; x_wconf 88' lang='lat' dir='ltr'><strong>me,</strong></span> <span class='ocrx_word' id='word_1_34' title='bbox 293 786 371 843; x_wconf 89' lang='lat' dir='ltr'><strong>nihil</strong></span> <span class='ocrx_word' id='word_1_35' title='bbox 399 807 495 864; x_wconf 91' lang='lat' dir='ltr'><strong>aeque</strong></span> <span class='ocrx_word' id='word_1_36' title='bbox 524 808 559 844; x_wconf 89' lang='lat' dir='ltr'><strong>ac</strong></span> <span class='ocrx_word' id='word_1_37' title='bbox 577 859 579 864; x_wconf 19' lang='grc' dir='ltr'><strong><em>Δ</em></strong></span> <span class='ocrx_word' id='word_1_38' title='bbox 594 796 720 845; x_wconf 88' lang='lat' dir='ltr'><strong>naturae</strong></span> <span class='ocrx_word' id='word_1_39' title='bbox 755 807 846 864; x_wconf 90' lang='lat' dir='ltr'><strong>opera</strong></span> <span class='ocrx_word' id='word_1_40' title='bbox 881 786 1051 845; x_wconf 86' lang='lat' dir='ltr'><strong>delectant.</strong></span> 
     </span>
    </p>
   </div>
   <div class='ocr_carea' id='block_1_6' title="bbox 143 893 1065 1096">
    <p class='ocr_par' dir='ltr' id='par_1_6' title="bbox 143 893 1065 1096">
     <span class='ocr_line' id='line_1_7' title="bbox 143 893 1065 978; baseline 0.002 -30"><span class='ocrx_word' id='word_1_41' title='bbox 143 893 226 950; x_wconf 85' lang='lat' dir='ltr'><strong>Vale.</strong></span> <span class='ocrx_word' id='word_1_42' title='bbox 1064 961 1065 978; x_wconf 14' lang='grc' dir='ltr'><strong>χ</strong></span> 
     </span>
     <span class='ocr_line' id='line_1_8' title="bbox 1064 981 1065 1038; baseline 0 0"><span class='ocrx_word' id='word_1_43' title='bbox 1064 981 1065 1038; x_wconf 85' lang='lat' dir='ltr'><strong>l</strong></span> 
     </span>
     <span class='ocr_line' id='line_1_9' title="bbox 1064 1039 1065 1096; baseline 0 0"><span class='ocrx_word' id='word_1_44' title='bbox 1064 1039 1065 1096; x_wconf 85' lang='lat' dir='ltr'><strong>l</strong></span> 
     </span>
    </p>
   </div>
   <div class='ocr_carea' id='block_1_7' title="bbox 354 1176 834 1384">
    <p class='ocr_par' dir='ltr' id='par_1_7' title="bbox 354 1176 834 1384">
     <span class='ocr_line' id='line_1_10' title="bbox 559 1176 634 1233; baseline -0.013 0"><span class='ocrx_word' id='word_1_45' title='bbox 559 1176 634 1233; x_wconf 90' lang='lat' dir='ltr'><strong>XXI</strong></span> 
     </span>
     <span class='ocr_line' id='line_1_11' title="bbox 354 1325 834 1384; baseline 0 -1"><span class='ocrx_word' id='word_1_46' title='bbox 354 1326 385 1384; x_wconf 88' lang='lat' dir='ltr'><strong>C.</strong></span> <span class='ocrx_word' id='word_1_47' title='bbox 412 1326 533 1384; x_wconf 81' lang='lat' dir='ltr'><strong>Pumus</strong></span> <span class='ocrx_word' id='word_1_48' title='bbox 555 1325 781 1384; x_wconf 75' lang='lat' dir='ltr'><strong>Auursuo&#39;Suo</strong></span> <span class='ocrx_word' id='word_1_49' title='bbox 804 1325 834 1384; x_wconf 85' lang='lat' dir='ltr'><strong>S.</strong></span> 
     </span>
    </p>
   </div>
   <div class='ocr_carea' id='block_1_8' title="bbox 143 1475 1051 2300">
    <p class='ocr_par' dir='ltr' id='par_1_8' title="bbox 143 1475 1051 2300">
     <span class='ocr_line' id='line_1_12' title="bbox 188 1475 1051 1552; baseline 0.003 -20"><span class='ocrx_word' id='word_1_50' title='bbox 188 1475 237 1532; x_wconf 84' lang='lat' dir='ltr'><strong>Ur</strong></span> <span class='ocrx_word' id='word_1_51' title='bbox 258 1479 289 1531; x_wconf 91' lang='lat' dir='ltr'><strong>in</strong></span> <span class='ocrx_word' id='word_1_52' title='bbox 318 1479 379 1532; x_wconf 87' lang='lat' dir='ltr'><strong>vita</strong></span> <span class='ocrx_word' id='word_1_53' title='bbox 401 1480 443 1532; x_wconf 91' lang='lat' dir='ltr'><strong>sic</strong></span> <span class='ocrx_word' id='word_1_54' title='bbox 471 1479 503 1532; x_wconf 89' lang='lat' dir='ltr'><strong>in</strong></span> <span class='ocrx_word' id='word_1_55' title='bbox 532 1475 640 1532; x_wconf 90' lang='lat' dir='ltr'><strong>studiis</strong></span> <span class='ocrx_word' id='word_1_56' title='bbox 667 1475 904 1552; x_wconf 87' lang='lat' dir='ltr'><strong>pulcherrimum</strong></span> <span class='ocrx_word' id='word_1_57' title='bbox 934 1484 968 1534; x_wconf 89' lang='lat' dir='ltr'><strong>et</strong></span> <span class='ocrx_word' id='word_1_58' title='bbox 997 1477 1051 1534; x_wconf 92' lang='lat' dir='ltr'><strong>hu-</strong></span> 
     </span>
     <span class='ocr_line' id='line_1_13' title="bbox 143 1587 1050 1662; baseline 0.001 -22"><span class='ocrx_word' id='word_1_59' title='bbox 143 1587 351 1658; x_wconf 86' lang='lat' dir='ltr'><strong>manissimum</strong></span> <span class='ocrx_word' id='word_1_60' title='bbox 395 1588 523 1640; x_wconf 88' lang='lat' dir='ltr'><strong>aestimo</strong></span> <span class='ocrx_word' id='word_1_61' title='bbox 567 1587 762 1640; x_wconf 87' lang='lat' dir='ltr'><strong>severitatem</strong></span> <span class='ocrx_word' id='word_1_62' title='bbox 812 1587 1050 1662; x_wconf 78' lang='lat' dir='ltr'><strong>comitatemque</strong></span> 
     </span>
     <span class='ocr_line' id='line_1_14' title="bbox 145 1685 1049 1766; baseline 0 -20"><span class='ocrx_word' id='word_1_63' title='bbox 145 1685 283 1760; x_wconf 85' lang='lat' dir='ltr'><strong>miscere,</strong></span> <span class='ocrx_word' id='word_1_64' title='bbox 310 1709 349 1745; x_wconf 91' lang='lat' dir='ltr'><strong>ne</strong></span> <span class='ocrx_word' id='word_1_65' title='bbox 371 1688 423 1745; x_wconf 89' lang='lat' dir='ltr'><strong>illa</strong></span> <span class='ocrx_word' id='word_1_66' title='bbox 447 1693 479 1745; x_wconf 93' lang='lat' dir='ltr'><strong>in</strong></span> <span class='ocrx_word' id='word_1_67' title='bbox 501 1693 666 1759; x_wconf 90' lang='lat' dir='ltr'><strong>tristitiam,</strong></span> <span class='ocrx_word' id='word_1_68' title='bbox 694 1689 770 1747; x_wconf 89' lang='lat' dir='ltr'><strong>haec</strong></span> <span class='ocrx_word' id='word_1_69' title='bbox 794 1693 826 1746; x_wconf 91' lang='lat' dir='ltr'><strong>in</strong></span> <span class='ocrx_word' id='word_1_70' title='bbox 849 1690 1049 1766; x_wconf 78' lang='lat' dir='ltr'><strong>petulantiam</strong></span> 
     </span>
     <span class='ocr_line' id='line_1_15' title="bbox 144 1794 1048 1873; baseline 0 -20"><span class='ocrx_word' id='word_1_71' title='bbox 144 1796 281 1854; x_wconf 87' lang='lat' dir='ltr'><strong>excedat.</strong></span> <span class='ocrx_word' id='word_1_72' title='bbox 326 1794 395 1867; x_wconf 86' lang='lat' dir='ltr'><strong>Qua</strong></span> <span class='ocrx_word' id='word_1_73' title='bbox 409 1801 526 1853; x_wconf 91' lang='lat' dir='ltr'><strong>ratione</strong></span> <span class='ocrx_word' id='word_1_74' title='bbox 546 1796 656 1853; x_wconf 90' lang='lat' dir='ltr'><strong>ductus</strong></span> <span class='ocrx_word' id='word_1_75' title='bbox 675 1799 812 1872; x_wconf 87' lang='lat' dir='ltr'><strong>graviora</strong></span> <span class='ocrx_word' id='word_1_76' title='bbox 831 1816 922 1873; x_wconf 88' lang='lat' dir='ltr'><strong>opera</strong></span> <span class='ocrx_word' id='word_1_77' title='bbox 936 1797 1048 1855; x_wconf 91' lang='lat' dir='ltr'><strong>lusibus</strong></span> 
     </span>
     <span class='ocr_line' id='line_1_16' title="bbox 143 1883 1047 1980; baseline -0.001 -21"><span class='ocrx_word' id='word_1_78' title='bbox 143 1883 276 1979; x_wconf 68' lang='lat' dir='ltr'><strong>iocisque</strong></span> <span class='ocrx_word' id='word_1_79' title='bbox 299 1901 462 1978; x_wconf 89' lang='lat' dir='ltr'><strong>distinguo.</strong></span> <span class='ocrx_word' id='word_1_80' title='bbox 506 1902 556 1959; x_wconf 91' lang='lat' dir='ltr'><strong>Ad</strong></span> <span class='ocrx_word' id='word_1_81' title='bbox 579 1902 635 1960; x_wconf 91' lang='lat' dir='ltr'><strong>hos</strong></span> <span class='ocrx_word' id='word_1_82' title='bbox 654 1901 852 1979; x_wconf 87' lang='lat' dir='ltr'><strong>proferendos</strong></span> <span class='ocrx_word' id='word_1_83' title='bbox 874 1910 906 1959; x_wconf 87' lang='lat' dir='ltr'><strong>et</strong></span> <span class='ocrx_word' id='word_1_84' title='bbox 928 1910 1047 1980; x_wconf 89' lang='lat' dir='ltr'><strong>tempus</strong></span> 
     </span>
     <span class='ocr_line' id='line_1_17' title="bbox 144 2010 1047 2087; baseline -0.001 -20"><span class='ocrx_word' id='word_1_85' title='bbox 144 2019 177 2068; x_wconf 93' lang='lat' dir='ltr'><strong>et</strong></span> <span class='ocrx_word' id='word_1_86' title='bbox 197 2010 297 2067; x_wconf 91' lang='lat' dir='ltr'><strong>locum</strong></span> <span class='ocrx_word' id='word_1_87' title='bbox 323 2014 609 2086; x_wconf 89' lang='lat' dir='ltr'><strong>opportunissimum</strong></span> <span class='ocrx_word' id='word_1_88' title='bbox 637 2010 728 2086; x_wconf 84' lang='lat' dir='ltr'><strong>elegi,</strong></span> <span class='ocrx_word' id='word_1_89' title='bbox 758 2018 853 2087; x_wconf 88' lang='lat' dir='ltr'><strong>utque</strong></span> <span class='ocrx_word' id='word_1_90' title='bbox 881 2015 941 2066; x_wconf 86' lang='lat' dir='ltr'><strong>iam</strong></span> <span class='ocrx_word' id='word_1_91' title='bbox 970 2031 1047 2068; x_wconf 88' lang='lat' dir='ltr'><strong>nunc</strong></span> 
     </span>
     <span class='ocr_line' id='line_1_18' title="bbox 144 2116 1047 2194; baseline -0.001 -21"><span class='ocrx_word' id='word_1_92' title='bbox 144 2117 360 2175; x_wconf 84' lang='lat' dir='ltr'><strong>adsuescerent</strong></span> <span class='ocrx_word' id='word_1_93' title='bbox 376 2124 407 2173; x_wconf 90' lang='lat' dir='ltr'><strong>et</strong></span> <span class='ocrx_word' id='word_1_94' title='bbox 421 2117 460 2173; x_wconf 92' lang='lat' dir='ltr'><strong>ab</strong></span> <span class='ocrx_word' id='word_1_95' title='bbox 476 2120 578 2174; x_wconf 92' lang='lat' dir='ltr'><strong>otiosis</strong></span> <span class='ocrx_word' id='word_1_96' title='bbox 593 2124 625 2174; x_wconf 91' lang='lat' dir='ltr'><strong>et</strong></span> <span class='ocrx_word' id='word_1_97' title='bbox 640 2121 671 2194; x_wconf 83' lang='lat' dir='ltr'><strong>in</strong></span> <span class='ocrx_word' id='word_1_98' title='bbox 692 2116 824 2173; x_wconf 89' lang='lat' dir='ltr'><strong>triclinio</strong></span> <span class='ocrx_word' id='word_1_99' title='bbox 842 2116 949 2186; x_wconf 87' lang='lat' dir='ltr'><strong>audiri,</strong></span> <span class='ocrx_word' id='word_1_100' title='bbox 973 2117 1047 2175; x_wconf 90' lang='lat' dir='ltr'><strong>lulio</strong></span> 
     </span>
     <span class='ocr_line' id='line_1_19' title="bbox 144 2222 1046 2300; baseline 0.003 -22"><span class='ocrx_word' id='word_1_101' title='bbox 144 2243 259 2294; x_wconf 89' lang='lat' dir='ltr'><strong>meuse,</strong></span> <span class='ocrx_word' id='word_1_102' title='bbox 273 2243 334 2300; x_wconf 93' lang='lat' dir='ltr'><strong>quo</strong></span> <span class='ocrx_word' id='word_1_103' title='bbox 347 2227 478 2279; x_wconf 88' lang='lat' dir='ltr'><strong>maxime</strong></span> <span class='ocrx_word' id='word_1_104' title='bbox 493 2222 563 2280; x_wconf 91' lang='lat' dir='ltr'><strong>lites</strong></span> <span class='ocrx_word' id='word_1_105' title='bbox 578 2227 831 2299; x_wconf 88' lang='lat' dir='ltr'><strong>interquiescunt,</strong></span> <span class='ocrx_word' id='word_1_106' title='bbox 853 2227 958 2299; x_wconf 88' lang='lat' dir='ltr'><strong>positis</strong></span> <span class='ocrx_word' id='word_1_107' title='bbox 977 2232 1046 2281; x_wconf 88' lang='lat' dir='ltr'><strong>ante</strong></span> 
     </span>
    </p>
   </div>
   <div class='ocr_carea' id='block_1_9' title="bbox 144 2327 1045 2896">
    <p class='ocr_par' dir='ltr' id='par_1_9' title="bbox 144 2327 697 2386">
     <span class='ocr_line' id='line_1_20' title="bbox 144 2327 697 2386; baseline -0.002 0"><span class='ocrx_word' id='word_1_108' title='bbox 144 2329 239 2386; x_wconf 86' lang='lat' dir='ltr'><strong>lectos</strong></span> <span class='ocrx_word' id='word_1_109' title='bbox 254 2328 407 2386; x_wconf 89' lang='lat' dir='ltr'><strong>cathedris</strong></span> <span class='ocrx_word' id='word_1_110' title='bbox 421 2333 532 2385; x_wconf 89' lang='lat' dir='ltr'><strong>amicos</strong></span> <span class='ocrx_word' id='word_1_111' title='bbox 547 2327 697 2386; x_wconf 87' lang='lat' dir='ltr'><strong>collocavi.</strong></span> 
     </span>
    </p>

    <p class='ocr_par' dir='ltr' id='par_1_10' title="bbox 145 2425 1045 2896">
     <span class='ocr_line' id='line_1_21' title="bbox 187 2425 1045 2495; baseline 0 -11"><span class='ocrx_word' id='word_1_112' title='bbox 187 2427 276 2484; x_wconf 88' lang='lat' dir='ltr'><strong>Forte</strong></span> <span class='ocrx_word' id='word_1_113' title='bbox 299 2426 419 2495; x_wconf 87' lang='lat' dir='ltr'><strong>accidit,</strong></span> <span class='ocrx_word' id='word_1_114' title='bbox 447 2434 483 2483; x_wconf 92' lang='lat' dir='ltr'><strong>ut</strong></span> <span class='ocrx_word' id='word_1_115' title='bbox 507 2446 545 2484; x_wconf 89' lang='lat' dir='ltr'><strong>eo</strong></span> <span class='ocrx_word' id='word_1_116' title='bbox 569 2426 619 2484; x_wconf 90' lang='lat' dir='ltr'><strong>die</strong></span> <span class='ocrx_word' id='word_1_117' title='bbox 647 2447 737 2484; x_wconf 90' lang='lat' dir='ltr'><strong>mane</strong></span> <span class='ocrx_word' id='word_1_118' title='bbox 762 2430 793 2483; x_wconf 93' lang='lat' dir='ltr'><strong>in</strong></span> <span class='ocrx_word' id='word_1_119' title='bbox 821 2425 1045 2485; x_wconf 86' lang='lat' dir='ltr'><strong>advocationem</strong></span> 
     </span>
     <span class='ocr_line' id='line_1_22' title="bbox 145 2524 1044 2602; baseline 0 -20"><span class='ocrx_word' id='word_1_120' title='bbox 145 2525 276 2584; x_wconf 83' lang='lat' dir='ltr'><strong>subitam</strong></span> <span class='ocrx_word' id='word_1_121' title='bbox 311 2544 442 2601; x_wconf 85' lang='lat' dir='ltr'><strong>rogarer,</strong></span> <span class='ocrx_word' id='word_1_122' title='bbox 471 2525 552 2601; x_wconf 93' lang='lat' dir='ltr'><strong>quod</strong></span> <span class='ocrx_word' id='word_1_123' title='bbox 580 2524 656 2582; x_wconf 91' lang='lat' dir='ltr'><strong>mihi</strong></span> <span class='ocrx_word' id='word_1_124' title='bbox 684 2545 803 2582; x_wconf 83' lang='lat' dir='ltr'><strong>causam</strong></span> <span class='ocrx_word' id='word_1_125' title='bbox 832 2524 1044 2602; x_wconf 88' lang='lat' dir='ltr'><strong>praeloquendi</strong></span> 
     </span>
     <span class='ocr_line' id='line_1_23' title="bbox 145 2622 1044 2700; baseline 0 -20"><span class='ocrx_word' id='word_1_126' title='bbox 145 2623 240 2681; x_wconf 92' lang='lat' dir='ltr'><strong>dedit.</strong></span> <span class='ocrx_word' id='word_1_127' title='bbox 270 2622 343 2681; x_wconf 90' lang='lat' dir='ltr'><strong>Sum</strong></span> <span class='ocrx_word' id='word_1_128' title='bbox 353 2627 434 2680; x_wconf 92' lang='lat' dir='ltr'><strong>enim</strong></span> <span class='ocrx_word' id='word_1_129' title='bbox 450 2622 640 2699; x_wconf 87' lang='lat' dir='ltr'><strong>deprecatus,</strong></span> <span class='ocrx_word' id='word_1_130' title='bbox 650 2643 690 2680; x_wconf 92' lang='lat' dir='ltr'><strong>ne</strong></span> <span class='ocrx_word' id='word_1_131' title='bbox 702 2627 769 2700; x_wconf 92' lang='lat' dir='ltr'><strong>quis</strong></span> <span class='ocrx_word' id='word_1_132' title='bbox 783 2631 818 2680; x_wconf 92' lang='lat' dir='ltr'><strong>ut</strong></span> <span class='ocrx_word' id='word_1_133' title='bbox 832 2627 1044 2681; x_wconf 88' lang='lat' dir='ltr'><strong>irreverentem</strong></span> 
     </span>
     <span class='ocr_line' id='line_1_24' title="bbox 145 2720 1043 2799; baseline -0.001 -20"><span class='ocrx_word' id='word_1_134' title='bbox 145 2726 244 2799; x_wconf 90' lang='lat' dir='ltr'><strong>operis</strong></span> <span class='ocrx_word' id='word_1_135' title='bbox 272 2729 425 2798; x_wconf 85' lang='lat' dir='ltr'><strong>argueret,</strong></span> <span class='ocrx_word' id='word_1_136' title='bbox 461 2720 543 2797; x_wconf 93' lang='lat' dir='ltr'><strong>quod</strong></span> <span class='ocrx_word' id='word_1_137' title='bbox 580 2725 771 2792; x_wconf 90' lang='lat' dir='ltr'><strong>recitaturus,</strong></span> <span class='ocrx_word' id='word_1_138' title='bbox 807 2740 985 2797; x_wconf 86' lang='lat' dir='ltr'><strong>quamquam</strong></span> <span class='ocrx_word' id='word_1_139' title='bbox 1015 2729 1043 2778; x_wconf 86' lang='lat' dir='ltr'><strong>et</strong></span> 
     </span>
     <span class='ocr_line' id='line_1_25' title="bbox 145 2817 1042 2896; baseline -0.001 -20"><span class='ocrx_word' id='word_1_140' title='bbox 145 2824 248 2876; x_wconf 88' lang='lat' dir='ltr'><strong>amicis</strong></span> <span class='ocrx_word' id='word_1_141' title='bbox 264 2827 296 2877; x_wconf 88' lang='lat' dir='ltr'><strong>et</strong></span> <span class='ocrx_word' id='word_1_142' title='bbox 311 2823 423 2896; x_wconf 88' lang='lat' dir='ltr'><strong>paucis,</strong></span> <span class='ocrx_word' id='word_1_143' title='bbox 438 2818 521 2876; x_wconf 89' lang='lat' dir='ltr'><strong>idem</strong></span> <span class='ocrx_word' id='word_1_144' title='bbox 536 2823 647 2876; x_wconf 89' lang='lat' dir='ltr'><strong>iterum</strong></span> <span class='ocrx_word' id='word_1_145' title='bbox 666 2823 778 2889; x_wconf 89' lang='lat' dir='ltr'><strong>amicis,</strong></span> <span class='ocrx_word' id='word_1_146' title='bbox 794 2817 859 2875; x_wconf 89' lang='lat' dir='ltr'><strong>foro</strong></span> <span class='ocrx_word' id='word_1_147' title='bbox 873 2827 906 2876; x_wconf 91' lang='lat' dir='ltr'><strong>et</strong></span> <span class='ocrx_word' id='word_1_148' title='bbox 920 2823 1042 2895; x_wconf 89' lang='lat' dir='ltr'><strong>negotiis</strong></span> 
     </span>
    </p>
   </div>
   <div class='ocr_carea' id='block_1_10' title="bbox 146 2981 1041 3112">
    <p class='ocr_par' dir='ltr' id='par_1_11' title="bbox 146 2981 1041 3112">
     <span class='ocr_line' id='line_1_26' title="bbox 179 2981 1041 3048; baseline 0 -16"><span class='ocrx_word' id='word_1_149' title='bbox 179 2991 191 3014; x_wconf 78' lang='lat'><strong>‘¹</strong></span> <span class='ocrx_word' id='word_1_150' title='bbox 208 2983 375 3048; x_wconf 86' lang='lat' dir='ltr'><strong>Apparently</strong></span> <span class='ocrx_word' id='word_1_151' title='bbox 394 2983 455 3032; x_wconf 85' lang='lat' dir='ltr'><strong>that</strong></span> <span class='ocrx_word' id='word_1_152' title='bbox 467 2982 514 3032; x_wconf 84' lang='lat' dir='ltr'><strong>tlre</strong></span> <span class='ocrx_word' id='word_1_153' title='bbox 532 2987 623 3046; x_wconf 84' lang='lat' dir='ltr'><strong>guests</strong></span> <span class='ocrx_word' id='word_1_154' title='bbox 641 2982 727 3046; x_wconf 83' lang='lat' dir='ltr'><strong>might</strong></span> <span class='ocrx_word' id='word_1_155' title='bbox 747 2983 789 3045; x_wconf 87' lang='lat' dir='ltr'><strong>jot</strong></span> <span class='ocrx_word' id='word_1_156' title='bbox 808 2981 887 3031; x_wconf 90' lang='lat' dir='ltr'><strong>down</strong></span> <span class='ocrx_word' id='word_1_157' title='bbox 907 2991 1041 3033; x_wconf 87' lang='lat' dir='ltr'><strong>comments</strong></span> 
     </span>
     <span class='ocr_line' id='line_1_27' title="bbox 146 3047 429 3112; baseline 0 -16"><span class='ocrx_word' id='word_1_158' title='bbox 146 3047 243 3112; x_wconf 78' lang='lat' dir='ltr'><strong>during</strong></span> <span class='ocrx_word' id='word_1_159' title='bbox 254 3049 301 3097; x_wconf 85' lang='lat' dir='ltr'><strong>tho</strong></span> <span class='ocrx_word' id='word_1_160' title='bbox 312 3048 429 3112; x_wconf 85' lang='lat' dir='ltr'><strong>reading.</strong></span> 
     </span>
    </p>
   </div>
   <div class='ocr_carea' id='block_1_11' title="bbox 150 3142 206 3214">
    <p class='ocr_par' dir='ltr' id='par_1_12' title="bbox 150 3142 206 3214">
     <span class='ocr_line' id='line_1_28' title="bbox 150 3142 206 3214; baseline 0 -18"><span class='ocrx_word' id='word_1_161' title='bbox 150 3142 206 3214; x_wconf 82' lang='lat'><strong>158</strong></span> 
     </span>
    </p>
   </div>
   <div class='ocr_carea' id='block_1_12' title="bbox 0 0 1084 3436">
    <p class='ocr_par' dir='ltr' id='par_1_13' title="bbox 0 0 1084 3436">
     <span class='ocr_line' id='line_1_29' title="bbox 0 0 1084 3436; baseline 0 0"><span class='ocrx_word' id='word_1_162' title='bbox 0 0 1084 3436; x_wconf 95' lang='lat' dir='ltr'><strong> </strong></span> 
     </span>
    </p>
   </div>
  </div>
 </body>
</html>
