2162 3438
325 176 413 233 THE
443 176 626 234 LETTERS
655 176 709 234 OF
739 176 865 234 PLINY

143 357 206 394 non
228 336 442 405 deliberabam,
468 343 612 411 expertus
636 355 691 393 usu
714 334 753 392 de
776 354 821 404 eo,
845 334 931 411 quod
961 335 1064 392 desti-¹

143 437 271 502 naveris,
305 451 368 487 uon
407 450 472 487 esse
511 428 721 499 consulend0S,
756 429 864 506 quibus
905 430 1064 486 consultis¹

144 528 269 604 obsequi
284 526 403 582 debeas
447 525 544 582 Venio
559 529 591 582 in
605 533 754 595 senatum,
769 529 815 580 ius
829 523 957 580 dicendi
972 532 1064 600 peto„

144 621 212 678 dico
233 619 385 697 paulisper
404 623 534 676 maximo
558 619 696 676 adsensu.
742 618 802 676 Ubi
823 623 912 694 coepi
938 623 1052 675 crimen

143 699 306 791 attingere,
320 734 406 771 reum
421 713 584 784 destinare,
598 713 697 770 adhuc
711 721 816 770 tamen
830 716 895 770 sine
918 717 1064 782 nomine„

145 808 279 884 undique
301 806 377 865 mihi
390 807 554 864 reclamari.
598 807 703 864 Alius:
726 806 889 876 ‘Sciamus
913 811 985 883 quis
1007 811 1064 875 sit„

144 903 183 959 de
198 922 257 978 quo
272 909 358 959 extra
371 902 508 959 ordinem
517 900 654 972 ‚referas,’
677 900 770 958 alius:
792 899 887 970 ‘Quis
900 909 960 970 vest
982 909 1050 956 ante

144 994 323 1052 relationem
348 993 453 1052 reus?’
486 993 578 1051 alius:
612 993 712 1052 ‘Salvi
740 998 841 1064 simne,
870 998 924 1070 qui
953 999 1064 1071 super-l

145 1089 264 1147 sumus’
307 1088 409 1145 Audio
442 1089 689 1164 imperturbatus,
717 1092 894 1156 interritus;
930 1097 1050 1146 tautum

145 1191 303 1258 susceptae
324 1186 367 1239 rei
382 1182 525 1239 honestas
540 1180 631 1252 valet,
646 1190 828 1258 tantumque
849 1182 888 1239 ad
910 1182 1049 1239 fiduciam

144 1276 193 1334 vel
214 1285 330 1334 metum
351 1276 461 1347 differt,
490 1275 590 1333 nolint
613 1275 760 1346 homines
782 1275 863 1352 quod
885 1275 990 1347 facias,
1015 1297 1064 1332 an*

145 1389 206 1426 non
219 1371 358 1445 probent.

187 1463 326 1539 Longum
354 1471 401 1520 cst
428 1467 538 1534 omnia,
565 1482 643 1539 quae
671 1470 745 1519 tunc
773 1461 844 1519 hinc
872 1463 947 1521 inde
976 1451 1064 1521 iacta

146 1564 226 1626 sunt,
268 1575 434 1612 recensere.
502 1555 670 1613 Novissime
712 1555 835 1613 consul:
880 1555 1049 1626 ‘Secunde

145 1653 317 1707 sententiae
330 1648 397 1706 loco
411 1649 503 1720 dices,
519 1653 543 1706 si
557 1649 631 1726 quid
642 1649 789 1708 volueris.’
831 1650 1047 1709 ‘Permiscras’

144 1747 277 1820 inquam,
307 1743 407 1821 ‘quod
435 1764 530 1820 usque
561 1742 660 1800 adhuc
695 1745 833 1801 omnibus
867 1745 1048 1821 permisistis

148 1837 265 1896 Resido
309 1838 452 1914 Aguntur
472 1837 537 1894 alia.
582 1838 710 1895 Interim
727 1859 775 1896 me
790 1839 913 1916 quidam
929 1859 967 1897 ex
983 1861 1047 1896 con·

145 1931 292 1990 sularibus
316 1935 419 1989 amicis
440 1939 559 1989 secreto
582 1939 782 2009 accuratoque
805 1952 945 1990 sermone
968 1937 1047 2011 quasi

146 2029 234 2083 nimis
262 2025 383 2084 fortiter
409 2029 592 2102 incauteque
621 2046 813 2102 progressum
840 2031 975 2103 corripit,
1011 2048 1047 2085 re·

146 2128 242 2190 vocat,
270 2127 384 2190 monet,
414 2127 448 2176 ut
476 2123 600 2177 sistam:
627 2119 739 2177 adiecit
764 2125 857 2177 etiam
885 2123 1046 2180 notabilem

146 2233 195 2272 me
210 2213 318 2271 futuris
333 2214 528 2290 principibus,
571 2212 680 2272 ‘Esto'
696 2217 829 2290 inquam,
846 2220 855 2247 ‘
863 2213 936 2272 dum
946 2215 1045 2274 malis.'

180 2378 193 2401 ¹⁸
210 2368 371 2433 Ordinarily‚
398 2369 513 2418 motione
536 2386 605 2419 were
627 2375 678 2434 put
701 2374 730 2419 to
753 2371 799 2419 the
822 2369 919 2420 Senate
942 2371 979 2436 by
1006 2373 1046 2422 the

147 2433 283 2500 presiding
301 2433 408 2494 Consul,
428 2434 488 2484 who
511 2435 576 2484 then
595 2435 679 2484 called
701 2451 771 2500 upon
789 2434 836 2484 the
859 2435 999 2496 members,
1023 2440 1045 2486 in

148 2499 242 2549 formal
263 2498 348 2561 order,
371 2504 400 2549 to
419 2515 526 2563 express
545 2500 615 2549 their
633 2501 761 2564 opinions.
798 2501 853 2550 But
868 2517 921 2565 any
940 2502 1046 2553 Senator

148 2563 1046 2698 ”lglllfflffilllllltsselllll¹¹0ll0¹flvl{f{lilibitana

148 2695 1044 2825 “teettatutristataltl'itlttttss‘ttaaa

150 2825 191 2874 his
202 2827 309 2890 opinion
321 2826 348 2874 in
361 2826 407 2874 the
418 2826 508 2885 house,
523 2826 555 2874 he
567 2826 620 2876 had
638 2827 684 2875 the
695 2827 821 2890 privilege
838 2827 866 2876 of
882 2829 1009 2894 speaking
1019 2846 1044 2878 as

149 2889 211 2953 long
222 2906 251 2939 as
263 2891 295 2939 he
307 2891 413 2954 pleased
425 2907 496 2954 upon
507 2907 559 2954 any
571 2891 648 2940 other
659 2891 760 2940 affair.”
796 2892 909 2954 (Melm.)

182 2957 297 3003 ⁶Nerva
319 2954 372 3004 had
394 2959 442 3004 not
464 2960 511 3019 yet
531 2955 647 3019 adopted
670 2973 703 3005 an
726 2957 791 3006 heir.
836 2957 887 3006 His
910 2959 999 3009 choica
1019 2959 1044 3008 of

150 3018 247 3082 Trajan
260 3019 302 3080 (97
315 3021 384 3081 nn.)
395 3025 446 3084 put
457 3036 490 3068 an
502 3021 553 3069 end
566 3026 595 3070 to
609 3021 783 3086 wide-spread
795 3024 913 3087 anxiety.

152 3130 209 3168 200
