2162 3438
342 251 431 308 THE
461 246 644 306 LETTERS
674 247 728 305 OF
756 245 882 303 PLIN'Y

159 416 278 485 partem
292 408 493 484 praediorum,
508 408 562 465 sed
577 427 631 485 pro
645 410 816 482 gestatione
832 424 986 481 percurro.
1021 403 1058 458 Tu

160 539 412 596 consuetudinem
441 559 525 596 serva
552 541 700 615 nobisque
729 541 771 594 sic
805 540 927 594 rusticis
956 536 1061 593 urbana

159 679 227 730 acta
241 675 401 750 perscribe.
446 673 529 730 Vale.

575 881 648 938 XVI

357 1040 387 1098 C.
413 1040 535 1097 Pennus
556 1040 736 1097 Miuuuuo
759 1038 820 1098 Suo
842 1039 872 1098 S.

202 1197 335 1256 Suuuiu
357 1205 389 1255 te
414 1197 602 1273 voluptatem
627 1199 800 1272 percepisse
826 1215 863 1252 ex
885 1199 947 1254 isto
970 1198 1061 1272 copie

164 1335 279 1389 sissimo
294 1349 407 1406 genere
422 1329 553 1387 venandi
574 1348 636 1386 non
650 1332 751 1400 miror,
767 1347 835 1384 cum
856 1327 1060 1385 historicorum

161 1483 244 1521 more
273 1464 384 1520 scribas
412 1481 573 1520 numerum
600 1465 669 1517 iniri
695 1481 757 1518 non
785 1463 929 1537 potuisse.
976 1461 1060 1516 Nobis

161 1597 264 1652 venari
278 1614 335 1651 nec
350 1601 444 1663 vacat,
454 1613 511 1651 nec
525 1592 619 1661 libet;
634 1611 696 1650 non
711 1600 806 1663 vacat,
818 1596 888 1670 quia
897 1592 1061 1650 vindemiae

161 1730 193 1783 in
221 1726 377 1793 manibus;
405 1745 466 1782 non
489 1726 574 1795 libet,
603 1729 673 1803 quia
701 1729 836 1800 exiguae.
881 1724 1061 1782 Devehimus

161 1866 265 1915 tamen
300 1877 355 1933 pro
386 1877 464 1915 novo
492 1864 592 1915 musto
626 1875 719 1914 novos
753 1854 916 1913 versiculos
950 1857 1059 1931 tibique

162 1991 376 2048 iucundissime
398 1994 543 2066 exigenti,
559 1998 594 2047 ut
614 1993 745 2065 primum
761 1988 947 2046 videbuntur
967 1988 1059 2046 defer·

163 2128 249 2196 visse,
264 2127 429 2180 mittemus.
474 2122 557 2178 Vale.

567 2307 657 2366 XVII

374 2481 405 2538 C.
430 2479 550 2537 Primus
572 2479 724 2536 Gururoru
747 2477 808 2536 Suo
829 2477 858 2536 S.

206 2648 314 2708 Rscsrl
337 2651 455 2708 litteras
483 2656 560 2720 tuas,
585 2649 694 2725 quibus
722 2652 856 2726 quereris
884 2647 986 2705 taedio
1009 2649 1064 2705 tibi

164 2794 256 2852 fuisse
288 2798 422 2872 quamvis
457 2793 653 2850 lautissimam
689 2813 805 2863 cenam,
833 2797 903 2870 quia
937 2811 1058 2862 scurrae,

165 2939 292 3009 cinaedi,
307 2943 457 2996 moriones
477 2943 589 2996 mensis
610 2939 792 2996 inerrabant.
837 2939 889 2996 Vis
909 2946 944 2997 tu
962 2945 1058 2996 remit-

165 3084 364 3162 terealiquid
389 3103 427 3142 ex
451 3087 557 3160 rugis?
599 3084 751 3161 Equidem
773 3083 848 3142 nihil
874 3083 936 3142 tale
958 3085 1056 3142 habeo.

168 3213 223 3250 212
