2150 3444
291 200 380 262 THE
408 203 592 263 LETTERS
621 203 676 264 OF
705 203 832 261 PLINY

108 381 125 415 a
139 360 291 437 plerisque
305 362 533 437 proconsulibus
548 383 719 420 concessam
735 367 778 421 eis
789 367 1025 440 protopraxian,

108 486 235 544 eamque
263 488 317 544 pro
345 468 415 546 lege
443 469 579 527 valuisse.
637 470 785 528 Existimo
820 479 926 528 tomen
968 478 1024 526 tua

108 575 297 648 providentia
327 576 576 634 constituendum
602 576 715 654 aliquid
744 585 777 634 et
804 577 1022 646 sanciendum,

106 700 162 756 per
176 681 256 758 quod
271 681 453 740 utilitatibus
469 703 573 740 eorum
587 687 619 739 in
632 691 816 759 perpetuum
828 683 1019 740 consulatur.

108 788 195 858 Nam,
210 809 287 865 quae
301 798 373 847 sunt
387 791 425 847 ab
439 790 505 847 aliis
525 795 675 862 instituto,
689 795 752 848 sint
770 790 844 849 licet
857 795 1021 867 sapienter

105 896 233 968 indulta,
258 898 360 955 brevia
384 906 489 956 tamen
504 907 537 957 et
552 899 668 955 infirma
689 908 771 969 sunt,
794 904 852 957 nisi
876 898 938 955 illis
964 907 1017 957 tua

105 1008 264 1080 contingat
278 1010 448 1063 auctoritas.

521 1162 591 1220 CIX

413 1294 569 1351 Turrinus
591 1294 696 1390 Purnro

145 1426 214 1498 Quo
248 1431 313 1483 iure
348 1431 393 1484 uti
427 1426 562 1484 debeant
597 1425 747 1502 Bithynae
783 1425 830 1481 vei
863 1424 1013 1484 Ponticae

103 1539 241 1593 civitates
263 1537 295 1591 in
318 1538 353 1591 iis
375 1538 521 1611 pecuniis,
544 1553 621 1612 quae
646 1554 683 1590 ex
706 1553 825 1610 quaque
849 1552 940 1590 causa
966 1539 1012 1591 rei

102 1641 241 1717 publicae
265 1642 468 1712 debebuntnr,
495 1662 532 1699 ex
556 1640 626 1718 lege
649 1644 793 1717 cuiusque
817 1639 1012 1699 animadver-

102 1748 230 1805 tendum
258 1757 313 1807 est.
366 1749 455 1822 Nam,
482 1752 545 1805 sive
573 1748 688 1805 habent
716 1747 917 1824 privilegium,
949 1768 1011 1826 quo

102 1860 210 1915 ceteris
225 1856 424 1915 creditoribus
444 1863 679 1934 anteponantur,
699 1855 935 1912 custodiendum
951 1866 1010 1927 est,

101 1967 163 2020 sive
178 1984 239 2019 non
253 1961 379 2035 habent,
394 1968 425 2021 in
440 1967 578 2021 iniuriam
599 1967 784 2062 privatorum
798 1963 829 2019 id
843 1962 908 2018 dari
923 1983 944 2020 a
959 1985 1009 2021 me

102 2091 162 2127 non
176 2073 338 2147 oportebit.

524 2296 578 2353 CX

164 2489 167 2496 .
277 2438 308 2493 C.
333 2437 453 2492 Purnrus
474 2436 611 2494 Tumnno
634 2437 820 2494 lnrsunronr

140 2578 279 2647 EcochS,
312 2577 444 2648 domine,
477 2579 688 2634 Amisenorum
717 2581 846 2635 civitatis
874 2581 1003 2653 petebat
1056 2545 1057 2617 i

98 2695 178 2771 apud
201 2717 250 2752 me
264 2717 281 2752 n
298 2696 374 2753 lulio
391 2697 497 2753 Pisone
512 2697 703 2752 denariorum
718 2700 838 2754 circiter
860 2715 897 2752 xr.
918 2698 1000 2754 milia

97 2813 209 2868 donata
234 2818 261 2868 ei
297 2814 416 2888 publice
438 2823 510 2871 ante
533 2833 571 2870 xx
593 2833 688 2870 annos
718 2814 787 2873 bule
812 2823 845 2872 et
873 2815 997 2874 ecclesia
