2136 3444
352 207 441 264 THE
470 205 654 264 LETTERS
682 206 738 265 OF
766 206 893 264 PLINY

168 367 218 425 vel
232 371 297 424 eius
310 369 465 437 memoria,
479 369 532 442 qui
545 369 716 442 praestitit3
738 368 941 426 necessarium
961 369 1056 444 pariter

56 457 59 461 ’
168 460 284 518 credidi
298 481 333 517 ac
347 460 472 532 laetum,
487 461 606 517 obviam
620 459 830 517 dubitantibus
851 460 1056 536 indulgentiam

168 574 268 612 meam
282 559 414 632 mittere.
458 554 538 613 Nolo
552 558 706 612 existimet
726 557 894 632 quisquam,
916 574 994 632 quae
1012 554 1058 610 alio

170 649 309 726 Principe
336 648 386 706 vel
414 651 555 725 privatim
583 647 632 705 vel
664 647 785 723 publice
822 655 1000 704 consecutus
1025 647 1059 716 sil,

168 743 239 801 ideo
266 743 375 802 saltem
403 762 421 799 a
441 762 490 800 me
512 741 653 813 rescindi,
674 749 709 798 ut
730 745 831 818 potius
849 742 924 799 mihi
952 741 1058 799 debeat

168 836 237 895 Sint
264 844 331 893 rata
358 844 391 894 et
418 833 524 908 certa,1
560 855 617 893 nec
651 835 815 912 gratulatio
843 834 932 892 ullius
960 839 1057 892 instau

168 933 241 988 ratis
264 938 336 1006 eget
357 930 507 1006 precibus,
522 926 634 1010 [etqui
655 949 717 987 non
738 922 869 1000 habentj
886 926 959 1010 me,]
982 948 1055 1007 quem

168 1024 291 1081 fortuna
319 1028 438 1100 imperii
466 1023 551 1080 vultu
577 1023 702 1081 meliore
725 1027 866 1100 respexit.
911 1023 964 1081 Me
989 1027 1057 1080 novis

168 1118 323 1177 beneficiis
357 1138 462 1176 vacare
492 1123 666 1194 patiantur:
701 1126 734 1176 et
762 1138 799 1176 ea
825 1117 950 1177 demum
977 1123 1059 1176 sciant

168 1213 303 1290 roganda
318 1233 393 1284 esse,
409 1233 486 1291 quae
501 1233 563 1269 non
582 1212 706 1270 habent.

289 1435 436 1493 Ensrum
458 1435 595 1492 Erusouu
618 1454 656 1492 ao
677 1434 815 1492 Tuuuruu
838 1434 952 1492 lusson

209 1567 276 1624 Cuu
313 1587 414 1625 rerum
449 1571 583 1624 omnium
617 1567 778 1638 ordinatio,
813 1587 890 1644 quae
924 1567 1051 1644 prioribu

168 1662 354 1737 temporibus
376 1661 536 1720 inchoatae
551 1669 776 1719 consummatae
791 1669 871 1732 sunt,
886 1660 1050 1718 observand

168 1759 216 1826 sit,
231 1763 298 1813 tum
313 1755 450 1832 epistulis
465 1760 558 1814 etiam
573 1755 741 1813 Domitiani
755 1755 898 1813 standum
912 1763 968 1814 est.
1062 1805 1063 1812 ,

585 2014 656 2071 LIX

346 2147 377 2204 C.
403 2147 523 2204 Pennus
544 2145 683 2202 Taurino
705 2145 894 2203 lursnsronr

209 2280 335 2337 Ftsvrus
364 2279 537 2336 Ancnrrpus
565 2298 620 2355 per
644 2279 773 2336 salutem
796 2287 880 2336 tuam
908 2284 1055 2338 aeternita

167 2383 291 2452 temque
317 2378 397 2451 petit
417 2395 434 2430 a
455 2393 514 2444 me,
535 2381 571 2431 ut
595 2373 742 2444 libellum,
768 2393 859 2451 quem
879 2372 956 2430 mihi
979 2373 1061 2432 dedi*

167 2473 323 2526 mitterem
346 2470 411 2526 tibi.
454 2468 545 2540 Quod
568 2487 626 2544 ego
648 2472 690 2525 sic
712 2471 831 2544 roganti
855 2469 1041 2544 praestando

167 2567 280 2639 putavi,
308 2567 352 2620 ita
378 2571 493 2633 tamen,
521 2570 557 2620 ut
584 2565 744 2620 missurum
772 2581 822 2619 me
849 2569 960 2618 notum
990 2581 1056 2620 accu

167 2661 267 2716 satrici
300 2661 364 2715 eius
392 2655 535 2727 facerem,
562 2677 580 2712 a
608 2677 667 2734 qua
695 2664 727 2713 et
755 2659 820 2731 ipsa
847 2665 1014 2732 acceptum
1040 2657 1057 2711 li

76 2783 80 2790 ·
167 2750 282 2808 bellum
303 2750 350 2808 his
372 2749 510 2826 epistulis
530 2753 625 2820 iunxi,
641 2769 704 2827 quo
722 2748 839 2807 facilius
860 2749 950 2808 velut
971 2733 1053 2809 audit

167 2852 295 2922 utraque
317 2852 404 2921 parte
425 2843 599 2920 dispiceres,
614 2843 686 2921 quid
708 2843 906 2900 statuendum
928 2853 1059 2921 putares

199 2993 208 3024 ¹
226 2995 280 3044 sint
291 2999 350 3044 rata
361 2999 389 3044 et
401 2998 473 3044 corta
486 2994 638 3055 Beroaldaa
659 2995 757 3055 Horti„
772 2995 794 3046 si
807 2996 834 3044 in
866 3000 913 3045 ata
924 3002 956 3047 et
969 3014 993 3050 c.
1015 2998 1055 3048 Ar.

166 3060 269 3108 sienim
282 3064 358 3124 grata
369 3064 397 3108 ot
408 3075 430 3108 c.
445 3075 471 3120 a,
486 3059 540 3110 sint
552 3061 574 3110 i
586 3064 653 3122 rata,
668 3065 697 3110 et
707 3076 729 3110 c.
745 3059 777 3120 B,
792 3060 827 3110 Kr
862 3061 906 3110 da.

169 3168 227 3228 354
